3217 5134
624 484 1231 554 METAMORP
1254 480 1696 555 HOSEON·
1747 488 1850 555 LI
1869 491 1944 557 Β.
2001 492 2060 557 1.

2319 492 2410 586 49

150 612 157 621 ’
262 629 461 724 Ignea
495 627 776 701 convexi
807 626 910 702 vis
944 645 1015 701 et
1047 622 1191 702 sine
1224 626 1521 730 pondere
1556 625 1701 701 caeli

264 741 593 830 Emicuit,
627 769 1017 842 summaque
1053 741 1277 817 locum
1313 743 1446 817 sibi
1483 741 1649 838 legit
1681 743 1752 816 in
1785 770 1928 817 arce
1959 773 1977 816 ε

262 859 619 933 Proximus
656 877 761 933 est
792 886 906 933 aer
936 856 1036 932 illi
1073 857 1379 949 levitate,
1415 857 1749 959 locoque:

266 976 561 1052 Densior
590 975 701 1049 his
733 973 967 1062 tellu3‚
1006 973 1460 1077 elementaque
1494 974 1768 1071 grandia
1802 976 2002 1048 traxit
2033 1006 2050 1064 ;

269 1094 361 1167 Et
390 1120 623 1195 pressa
648 1109 752 1167 est
783 1089 1103 1186 gravitate
1140 1091 1247 1165 sui
1281 1090 1748 1165 :circumfluus
1783 1090 2029 1164 humor

2359 1116 2427 1168 30

269 1208 531 1284 Ultima
564 1207 901 1310 possedit,
938 1206 1365 1309 solidumque
1399 1207 1698 1281 coercuit
1728 1207 1979 1281 orbem.

366 1326 481 1401 Sic
515 1326 637 1400 ubi
671 1324 1100 1427 dispositam,
1139 1324 1445 1426 quisquis
1476 1324 1609 1399 suit
1640 1324 1752 1399 ille
1789 1327 2123 1417 Deorum,

337 1524 418 1579 26.
462 1527 622 1591 Ignea
643 1528 866 1577 convexi
881 1533 977 1576 etc.
1008 1521 1092 1576 Cs.
1124 1523 1301 1577 Tibul.

276 1602 389 1668 IV,
417 1619 473 1669 ι,
518 1604 713 1676 19-233
750 1599 1028 1655 claudian.
1054 1601 1121 1655 R.
1150 1602 1210 1654 P.
1240 1602 1300 1669 1,

276 1682 376 1750 246
406 1698 556 1751 sqq.,
582 1681 675 1734 ubi
711 1680 1029 1750 Proserpina
1066 1678 1170 1733 hoc
1204 1698 1302 1732 ar-

276 1770 594 1832 gumentum
612 1759 756 1812 texit.
784 1758 835 1811 Is
853 1761 1201 1811 elementorum
1217 1776 1304 1810 se-

276 1844 397 1893 nim
431 1838 578 1892 bunc
612 1837 847 1907 primum
872 1838 1088 1890 Naturae
1124 1846 1301 1889 actum

276 1924 442 1969 νοω.
454 1916 694 1981 -Igaeea
708 1918 789 1965 mk
802 1953 817 1975 ,
837 1911 1151 1982 periphrasis
1168 1911 1304 1981 ignis

277 1992 453 2063 ipsius.
497 1995 617 2054 Vis,
645 1999 728 2054 βίη
747 2030 765 2058 ,
801 1989 941 2059 apud
958 1999 1143 2060 poetas
1165 2007 1303 2059 sepe

278 2070 499 2125 inservit
516 2068 822 2140 periphrasi.
843 2070 988 2134 Ignis
1011 2086 1170 2137 porro
1192 2071 1314 2121 caele‘
1331 2100 1334 2111 .

278 2161 358 2204 est
378 2148 547 2203 ather
562 2189 577 2212 ‚
608 2148 699 2218 qui
719 2157 923 2201 constat
942 2146 1098 2216 ignea
1111 2156 1307 2198 natura

280 2228 455 2299 (Virg-
480 2226 609 2281 Ed.
633 2242 694 2279 Vl
710 2265 725 2293 ,
760 2225 825 2278 33
851 2264 868 2293 ,
907 2227 1128 2293 le'quidas
1160 2228 1309 2292 ιζῃηίσ.

281 2306 461 2361 Tibul.
474 2305 527 2358 d.
541 2305 573 2360 l.
592 2344 611 2373 ,
632 2309 809 2372 ignem
827 2303 1039 2370 ether),
1067 2321 1185 2372 quae
1207 2321 1308 2356 ea·-

281 2388 409 2441 dam
424 2396 505 2441 est
518 2385 793 2441 levissima.
809 2410 879 2425 ·-
895 2386 1195 2443 Conexum,
1212 2401 1311 2453 pro

281 2481 579 2518 eonoevum
608 2485 627 2527 ι
689 2481 851 2532 quem
892 2480 1047 2514 usum
1095 2459 1207 2514 Cic.
1251 2461 1310 2514 in

284 2542 495 2597 Arateis
511 2580 528 2608 ,
549 2560 684 2593 vers.
697 2541 821 2607 314,
841 2539 1043 2608 primus
1058 2537 1311 2592 invexisse

282 2621 496 2676 videtur
510 2621 693 2692 Heyn.
706 2617 929 2688 adVirg.
938 2616 1064 2669 AEn.
1079 2617 1182 2685 lv,
1197 2618 1288 2684 451
1299 2655 1311 2668 .

347 2722 431 2773 27·
469 2702 720 2771 Emittam
748 2706 973 2766 repente
996 2706 1050 2749 et
1072 2695 1314 2750 celeriter

288 2778 532 2849 prosiluit
565 2817 584 2846 ,
638 2774 783 2847 quod
824 2775 1049 2827 verbum
1087 2773 1313 2826 maxime

283 2856 540 2913 convenit
563 2853 764 2909 levitati
791 2852 1015 2906 etheris.
1032 2879 1099 2892 —
1113 2854 1316 2905 sauma

282 2955 399 2997 m,
414 2934 666 2988 altissima
678 2930 868 2986 mundi
881 2932 1313 2998 orae-Sibilegil,

287 3024 546 3081 tanquam
584 3030 676 3063 sua
707 3019 895 3081 sponte
925 3009 1137 3076 feeerit,
1171 3007 1315 3078 quod

284 3091 405 3161 lege
418 3098 628 3143 naturae
643 3087 818 3141 fiebat.
840 3086 1018 3140 Etiam
1032 3106 1113 3157 ap.
1130 3084 1318 3139 Claud.

288 3169 341 3221 d.
362 3169 397 3221 l.
414 3166 660 3221 nonnulli
678 3168 1019 3235 Iegilflamma
1025 3168 1217 3232 polum.
1233 3162 1321 3216 Cf.

288 3247 426 3315 XII,
451 3247 536 3314 43,
559 3245 653 3298 ubi
668 3242 855 3297 eadem
873 3244 1031 3297 verba
1050 3243 1117 3296 de
1140 3243 1320 3297 Fama.

286 3327 537 3394 ——Legih
560 3323 799 3377 Florent.
814 3333 867 3376 et
890 3333 997 3375 tres
1021 3322 1104 3375 alii
1124 3360 1139 3388 ,
1151 3322 1319 3390 fecer,

286 3425 408 3459 non
460 3403 795 3473 improbante
832 3402 1164 3455 Burmanno.
1211 3400 1322 3459 Sed

290 3506 343 3538 v.
366 3494 483 3537 not.
712 3494 719 3513 ¹

359 3583 444 3634 ²9·
478 3563 750 3615 Elemenla
783 3561 1001 3627 grandia
1017 3598 1031 3620 ,
1076 3557 1327 3612 crassiora

288 3658 587 3709 corporum
624 3636 849 3692 stamina
898 3636 1108 3689 attraxit
1134 3674 1151 3702 ,
1209 3653 1328 3704 qua

286 3717 538 3790 pondere
558 3735 657 3771 suo
672 3715 921 3770 deorsum
935 3714 1239 3785 vergebant.
1261 3741 1330 3755 -

285 3804 493 3855 Pressa
510 3808 591 3852 est
609 3837 624 3865 ,
665 3809 724 3850 ut
743 3795 1052 3851 subsideret.
1076 3796 1214 3850 Fast.
1240 3796 1292 3848 V
1310 3838 1325 3866 ,

294 3878 365 3932 13
396 3896 411 3929 ε
436 3878 666 3929 Pondere
700 3883 834 3928 leem
867 3893 962 3927 suo
997 3878 1229 3928 subsedi!
1279 3882 1336 3930 et

286 3976 505 4025 equom
523 3959 717 4020 traxi&
747 3952 891 4023 quod
914 3963 1153 4007 sumtum
1181 3975 1209 4007 e
1233 3954 1333 4007 Ti-

287 4030 413 4086 bul.
429 4029 480 4083 d.
494 4030 557 4085 1.:
582 4032 766 4097 Qualis
785 4036 843 4084 ia
863 4036 1106 4085 emmo
1124 4032 1336 4084 desede-

283 4116 371 4164 n‘l
387 4129 505 4163 aere
525 4113 692 4162 tellus.

368 4186 457 4239 30.
479 4187 585 4239 Sui.
602 4185 830 4239 Cantab.
849 4196 904 4239 et
919 4184 1105 4257 viginti
1123 4184 1209 4239 alii
1225 4204 1334 4240 sua.

292 4266 518 4335 Nempe
542 4264 756 4334 genitiv.
792 4283 945 4335 pron.
981 4265 1234 4334 primitivi
1259 4282 1337 4333 pr.

496 4364 660 4433 III.

1400 1524 1649 1593 ponitur,
1676 1524 1765 1578 ubi
1787 1524 1828 1578 is
1850 1544 1996 1580 casus
2022 1545 2051 1580 a
2071 1528 2291 1583 nomine
2316 1530 2423 1584 ad·-

1400 1601 1567 1655 seetus
1614 1611 1705 1654 aut
1745 1604 1999 1658 facultatis
2044 1606 2275 1674 pendet,
2329 1608 2423 1663 sed

1401 1676 1594 1731 deinde
1620 1688 1674 1733 et
1702 1680 1815 1733 sine
1845 1682 1932 1734 tali
1962 1684 2198 1737 nomine.
2236 1686 2422 1756 ltaque

1400 1773 1536 1825 saepe
1563 1756 1618 1808 in
1644 1775 1710 1809 eo
1731 1759 1937 1813 variant
1954 1760 2086 1813 libri.
2102 1790 2169 1801 -
2186 1765 2423 1817 Circum-

1384 1836 1551 1901 βου,
1590 1832 1896 1911 (τερίῇῥυτος)
1932 1841 2131 1900 humor,
2159 1837 2424 1895 Oceanus.

1464 1909 1545 1963 31.
1588 1912 1785 1963 Ultima
1810 1918 2072 1979 pos-seder,
2109 1918 2424 1984 profundis-

1400 1986 1533 2040 sima
1555 1994 1854 2059 occupavit,
1876 1993 1997 2059 quia
2016 2002 2168 2047 terrae
2186 1995 2429 2050 eminent

1399 2083 1558 2134 super
1610 2065 1816 2120 Oceani
1860 2069 2209 2138 superficiem.
2257 2070 2430 2127 Aliter

1408 2142 1588 2196 Sever.
1609 2144 1757 2198 AEtn.
1787 2147 1900 2214 103,
1915 2167 2026 2201 sors
2043 2152 2169 2202 data
2183 2153 2307 2202 coelo
2319 2153 2430 2203 Pri-

1404 2240 1493 2273 ma
1506 2259 1521 2287 ‚
1547 2230 1722 2276 secuta
1739 2229 1896 2276 marali-
1907 2266 1920 2287 ‚
1945 2229 2235 2296 desede'lque
2249 2232 2437 2299 {infima

1405 2302 1571 2351 lellus.
1602 2300 1828 2354 Leuzius
1851 2321 1978 2356 vero
2001 2324 2096 2373 per
2130 2310 2310 2361 ultima
2332 2308 2431 2362 int.

1407 2377 1705 2448 marginem
1728 2380 1867 2434 orbis
1888 2391 2150 2437 terrarum
2166 2386 2333 2455 plani,
2348 2398 2432 2441 at-

1409 2461 1835 2526 quece’rcumfluus
1847 2470 1997 2528 putat
2021 2480 2129 2516 esse
2156 2464 2431 2520 Homeric-

1409 2534 1646 2608 ἆψόρῥοος,
1663 2542 1716 2588 e'a
1729 2556 1789 2589 se
1798 2543 1961 2603 ipsum
1974 2544 2189 2607 rediens;
2204 2543 2293 2596 sed
2313 2543 2433 2597 vide

1409 2610 1476 2665 ad
1497 2631 1627 2665 vers.
1657 2634 1729 2666 ια.
1755 2641 1822 2655 ·-
1840 2618 2063 2670 solidum
2079 2625 2242 2673 orbem
2257 2662 2270 2682 ‚
2312 2633 2433 2675 ter-

1409 2710 1524 2744 ram
1536 2693 1789 2746 continen
1796 2704 1924 2761 tem,
1941 2715 2056 2765 quae
2070 2698 2287 2752 solidior
2298 2701 2435 2754 mul-

1411 2781 1468 2823 to
1490 2772 1651 2840 aquis.
1676 2799 1743 2812 —
1776 2777 2029 2837 (herculi,
2064 2778 2397 2847 amplectitur
2414 2820 2431 2849 ,
2453 2762 2466 2789 ⁸

1412 2848 1591 2902 ambit.
1625 2850 1765 2903 Infra
1793 2851 1927 2918 XV,
1971 2855 2061 2906 251
2091 2873 2104 2907 ε
2140 2858 2312 2909 Tellus
2335 2876 2437 2910 co—

1409 2933 1549 2995 gitur
1573 2934 1728 2982 unda.
1768 2929 2039 2986 Ceterum
2077 2933 2180 2989 huc
2213 2939 2440 3006 respexit

1415 3006 1797 3061 Lactant.1nst.
1815 3008 1917 3062 div.
1939 3011 2012 3077 11,
2037 3028 2113 3073 lx,
2133 3035 2160 3066 2
2182 3014 2439 3070 :Terram

1414 3089 1582 3139 volui!
1598 3088 1803 3141 humore
1818 3094 2100 3159 cti-cumflut'
2112 3102 2165 3147 el
2181 3101 2439 3148 contem-nt

1482 3166 1670 3220 32-88.
1692 3168 1779 3220 Sic
1788 3173 2185 3236 ubiuis-positam
2201 3184 2298 3226 etc.
2324 3174 2439 3227 Re·-

1418 3244 1531 3314 gius
1565 3263 1705 3299 unus
1742 3255 2082 3313 compositam.
2121 3279 2188 3293 —
2212 3252 2337 3305 Jam
2371 3252 2440 3307 de

1418 3324 1759 3377 exornatione
1785 3337 1837 3379 et
1865 3330 2244 3396 compositione
2281 3333 2440 3386 totius

1420 3402 1608 3454 mundi
1627 3404 1856 3472 exponit.
1877 3405 2096 3459 Initium
2119 3408 2239 3460 facit
2255 3428 2284 3460 a
2299 3418 2442 3463 terra

1421 3488 1476 3532 et
1496 3498 1631 3548 aqua
1645 3499 1777 3534 vers.
1799 3482 1964 3547 34-51
1992 3497 2005 3532 z
2029 3484 2366 3555 progreditur
2383 3487 2442 3540 in

1423 3574 1600 3609 aerem
1624 3575 1756 3611 vers.
1791 3559 1989 3611 52-66:
2013 3572 2128 3613 tum
2152 3562 2217 3616 de
2243 3563 2438 3620 aethere

1423 3652 1555 3687 vers.
1592 3635 1783 3705 67—71
1819 3655 1833 3688 ε
1867 3648 2137 3706 postremo
2159 3639 2224 3692 de
2261 3640 2443 3696 incolis

1425 3713 1688 3765 variarum
1702 3713 1892 3767 mundi
1909 3717 2136 3791 partium
2151 3758 2166 3785 ‚
2193 3719 2248 3771 in
2263 3721 2445 3790 primis

1427 3788 1493 3843 de
1517 3789 1737 3845 bomine
1756 3812 1888 3846 vers.
1915 3797 2098 3863 72—88.
2113 3798 2343 3851 -Sic....
2365 3819 2449 3851 re·-

1426 3873 1578 3936 degit.
1607 3869 1764 3923 Ordo
1794 3882 1848 3924 et
1868 3890 2052 3926 sensus
2087 3874 2281 3928 horum
2316 3896 2451 3931 ver·-

1428 3948 1623 4000 borum
1650 3947 1809 4003 debet
1835 3948 1975 4002 haud
2012 3949 2170 4005 dubie
2194 3972 2302 4007 esse
2329 3954 2447 4010 hic:

1430 4047 1595 4098 quum
1615 4028 1762 4083 Deus
1781 4037 2056 4098 congenkm
2071 4032 2234 4100 illam,
2256 4036 2449 4090 rudem

1429 4106 1812 4179 etindigestam
1832 4109 2029 4163 molem
2048 4150 2062 4178 ,
2087 4119 2354 4179 accenset,
2378 4115 2452 4169 di·

1430 4186 1662 4254 visisset,
1690 4198 1845 4256 atque
1869 4188 1926 4241 in
1951 4196 2193 4256 membra,
2233 4192 2452 4249 distinc-

1434 4276 1509 4319 tas
1519 4276 1925 4337 partes,aquam,
1937 4279 2156 4339 terram,
2171 4271 2454 4344 redegisset

2135 4371 2184 4455 4
