3217 5134
567 522 712 590 ME
733 524 1607 607 TAMORPHOSEON
1659 545 1845 614 LIB.
1891 552 2075 620 VII.

2262 560 2391 654 497

271 771 663 877 Vivacisque
693 779 877 877 jecur
908 785 1077 857 cervi
1103 816 1117 873 ;
1155 788 1401 890 quibus
1431 793 1704 898 insuper
1733 803 1919 879 addit

272 888 410 961 Ora
438 910 768 994 caputque
794 925 1029 973 novem
1061 904 1340 981 cornicis
1372 910 1587 986 secula
1620 942 1842 1014 passae.

268 1006 393 1078 His
427 1024 491 1079 et
521 1008 699 1084 mille
735 1010 889 1098 aliis·
918 1035 1269 1120 postquam
1303 1024 1442 1099 sine
1478 1031 1746 1106 nomine
1781 1034 1980 1110 rebus

266 1119 696 1222 Propositum
729 1126 1043 1205 instruxit
1071 1135 1330 1211 mortali
1365 1140 1646 1218 barbara
1678 1174 1921 1224 munus
1949 1182 1964 1241 ;

266 1237 501 1311 Arenti
535 1268 716 1315 ramo
739 1243 1128 1346 jampridem
1158 1252 1339 1326 mitis
1372 1257 1558 1331 olivae

269 1356 513 1431 Omnia
549 1359 933 1452 confundit,
959 1368 1362 1471 summisque
1392 1373 1749 1452 immiscuit
1787 1380 1934 1455 ima.

267 1537 439 1592 Tibul.
460 1542 571 1609 ΙΙΙ,
597 1560 653 1610 v,
674 1564 734 1595 aa
749 1584 764 1612 ,
795 1547 922 1599 dura
937 1554 1086 1600 {edila
1100 1570 1274 1618 regna,

263 1618 350 1671 ubi
374 1620 480 1673 vid.
511 1622 766 1693 Heynius.
804 1624 1095 1681 Glareanus
1118 1636 1281 1683 tenuetu-

262 1698 324 1750 ad
347 1702 748 1770 chelsdn‘resert
763 1743 779 1769 ,
807 1715 860 1758 et
886 1726 998 1759 rem
1014 1707 1087 1761 sic
1109 1728 1277 1779 expe-

260 1772 336 1827 dit
367 1796 379 1829 :
423 1795 533 1829 non
572 1780 847 1848 cujuslibet
886 1785 1128 1854 Cinyphii
1154 1790 1274 1840 che-

259 1854 397 1921 (rdn'
408 1893 424 1912 ,
457 1853 547 1906 sed
567 1861 742 1911 lennes.
755 1860 1099 1926 —Pmsi‘cla‚
1134 1875 1273 1917 exta:

257 1929 359 1984 vid.
374 1962 385 1974 «
408 1930 666 1988 Celiarius
710 1935 775 1988 ad
812 1936 1066 1992 Lactantii
1104 1940 1273 1997 Instit.

261 2007 363 2076 IV,
390 2025 549 2062 xxvn
568 2050 583 2076 ‚
619 2013 666 2077 4.
690 2038 759 2050 -
780 2015 915 2065 Illic.
948 2012 1128 2068 Codex
1154 2016 1275 2068 Re-

263 2083 373 2153 gius
393 2087 468 2152 A,
490 2090 594 2148 illi,
618 2088 809 2141 scilicet
828 2088 1067 2154 Medeae;
1091 2090 1275 2145 Codex

260 2165 306 2218 B
323 2205 337 2232 ,
354 2170 483 2225 illzZr,
500 2167 656 2220 rebus
670 2179 821 2221 antea
838 2171 1157 2225 memoratis.
1174 2174 1275 2224 Ed.

259 2272 325 2284 —
352 2247 649 2315 Chelsdms,
675 2265 768 2300 seu
799 2250 986 2318 hsdrus
1015 2269 1044 2303 e
1080 2268 1272 2318 genere

257 2321 583 2388 serpentium
602 2361 617 2387 ‚
639 2322 822 2377 soetore
846 2324 1158 2379 intolerabiii
1179 2336 1272 2380 est.

259 2396 527 2452 Nicander
547 2437 563 2464 ,
591 2398 829 2456 Theriac.
846 2404 903 2468 4¹
916 2422 937 2456 ι
956 2422 1067 2472 sqq.
1089 2431 1156 2444 —
1183 2406 1273 2457 Ci-

254 2495 411 2545 aesps‚
444 2476 619 2548 Libya
635 2475 851 2545 fluvius,
879 2479 933 2533 in
946 2481 1122 2534 sinum
1136 2481 1269 2553 Syr-

257 2551 419 2605 ticam
433 2572 487 2607 se
506 2573 877 2608 exonerans-*-
887 2560 1092 2611 Vincis
1108 2565 1264 2624 cervi,

257 2656 331 2685 m·
359 2635 579 2706 «κορῶναν
595 2651 607 2685 :
624 2652 749 2687 nam
759 2646 944 2703 quater
954 2637 1175 2691 cornicis
1192 2658 1268 2692 se·

256 2728 320 2763 cu
341 2730 370 2763 a
383 2718 595 2770 corvus:
610 2713 899 2781 Ausonius,
917 2715 982 2769 de
997 2726 1147 2770 etate
1160 2717 1268 2772 ani·

253 2789 375 2843 mal.
398 2793 498 2844 Ed.
533 2819 600 2832 —-
641 2796 912 2847 Viracibus
948 2806 1124 2849 autem
1158 2797 1266 2851 istis

254 2868 376 2922 seris
396 2868 502 2923 vita
523 2868 676 2939 longa
701 2873 1011 2925 transfertur
1027 2873 1081 2925 in
1106 2873 1267 2927 AEso-

254 2964 396 2999 nem.
428 2973 494 2986 —
528 2948 711 3000 Novem
731 2953 946 3001 comt‘celr
965 2960 1063 3003 etc.
1104 2951 1264 3019 Apud

256 3022 553 3077 Hesiodum
587 3022 766 3083 cornix
800 3024 925 3078 vivit
958 3028 1078 3078 ima
1115 3031 1265 3093 γενίας

253 3101 429 3175 ἐναγῶν
460 3119 473 3153 :
498 3100 560 3153 ab
588 3099 783 3166 Arato,
811 3101 868 3153 in
894 3102 1263 3158 Phaenomenis

252 3178 445 3234 dicitur
470 3197 679 3249 quoque
705 3183 951 3250 ἓννιᾶχηρα
971 3186 1155 3257 κορώνη.
1183 3185 1264 3239 Ita

255 3257 449 3313 Nestor
484 3258 846 3312 triseclisenex.
871 3285 939 3298 —
959 3262 1144 3313 Novem
1168 3281 1262 3315 se—

251 3339 369 3389 cula
375 3354 546 3401 passe
567 3354 585 3398 ‚·
613 3354 729 3405 quae
752 3347 960 3392 atatem
983 3337 1262 3393 hominum

250 3414 431 3466 novies
453 3415 729 3482 superavit.

318 3493 430 3560 ²7⁵·
445 3492 564 3544 Sine
580 3496 801 3554 aome'ne,
831 3494 1106 3563 ignobiles,
1129 3516 1261 3567 qua-

248 3584 373 3618 rum
399 3586 598 3621 nomeu
622 3586 1038 3625 commemorare
1069 3574 1141 3626 nit
1167 3584 1259 3628 at-

250 3644 400 3698 tinet.
417 3644 630 3699 AEneid.
654 3648 732 3700 lx
745 3687 761 3715 ,
783 3650 878 3716 343
894 3688 909 3716 ‚
932 3656 1044 3704 sine
1062 3656 1260 3706 nomine

240 3725 450 3788 plebem.
471 3750 539 3763 —
565 3724 727 3779 MSS.
752 3744 935 3781 omnes
960 3767 977 3794 ,
1022 3735 1258 3784 mortali:

246 3800 337 3853 sed
357 3821 521 3870 quum
537 3803 592 3856 in
611 3823 717 3857 uno
735 3806 898 3876 glossa
913 3807 1086 3862 addita
1104 3820 1254 3877 esset,

243 3883 407 3940 idest,
424 3887 478 3933 in
491 3891 751 3946 mortario,
774 3888 954 3940 Heius.
975 3887 1117 3941 dedit
1134 3910 1257 3942 mor-

243 3962 367 4016 teri,
399 3958 539 4026 quod
554 3971 607 4012 et
624 3961 805 4015 Barth.
819 3964 1035 4020 Advers.
1050 3967 1252 4033 xxxi,

246 4034 278 4086 3
291 4073 309 4100 ,
324 4035 620 4103 conjecerat
633 4079 649 4106 ,
666 4050 720 4092 et
734 4041 985 4109 approbat
1000 4043 1256 4097 Burman·

245 4132 363 4166 nus.
380 4115 581 4168 Verum
597 4125 809 4171 mot-tare
819 4139 885 4172 ne
903 4123 1120 4175 verbum
1135 4125 1257 4192 qui-

246 4191 370 4247 dem
396 4193 617 4249 latinum
639 4208 714 4251 est
731 4237 746 4264 ,
780 4198 920 4268 quod
946 4202 1051 4270 ipse
1081 4203 1254 4257 Hein-

247 4270 350 4328 sius
387 4274 616 4343 fatetur3
651 4277 824 4334 Latini
858 4279 1003 4334 enim
1031 4280 1211 4337 dicunt
1234 4324 1252 4352 ,

443 4389 598 4456 III.

1377 1563 1665 1610 mortarium
1690 1581 1707 1613 .·
1731 1561 1954 1618 Lenzius
1986 1567 2145 1637 igitur
2171 1573 2392 1643 conjun-

1375 1633 1450 1700 git
1462 1641 1694 1700 modari,
1723 1643 1988 1708 mortarii,
2014 1665 2215 1706 munus.
2247 1662 2303 1703 ut
2325 1652 2392 1706 sit

1373 1712 1573 1779 poetica
1605 1714 1998 1772 circumlocutio
2034 1723 2192 1792 ipsius
2230 1745 2387 1782 mor-

1375 1789 1507 1841 tarii.
1533 1792 1653 1844 Non
1676 1794 1855 1862 placet.
1877 1796 2012 1864 Quis
2035 1800 2178 1853 enim
2206 1816 2354 1872 putet
2370 1846 2387 1873 ,

1373 1866 1624 1921 Medeam
1644 1908 1661 1934 ‚
1699 1871 1782 1924 ilia
1805 1873 2152 1932 medicamina
2185 1882 2294 1948 jam
2327 1885 2385 1938 in

1373 1942 1543 1997 aheno
1559 1959 1721 2014 cocta,
1738 1970 1880 2006 nunc
1898 1953 1950 2007 in
1971 1960 2283 2014 mortarium
2298 1964 2385 2016 in-

1373 2021 1565 2091 tulisse,
1579 2025 1751 2095 ibique
1769 2028 2094 2089 instruxisse?
2108 2037 2219 2091 Nec
2229 2060 2387 2109 porro

1367 2105 1639 2170 sequentia
1664 2106 1764 2162 hoc
1785 2112 2057 2179 patiuntur
2079 2155 2094 2183 ‚
2122 2119 2208 2170 ubi
2234 2140 2384 2174 ramo

1370 2182 1549 2235 omnia
1570 2187 1849 2242 confundit
1874 2211 1888 2254 ς
1937 2204 1992 2246 et
2027 2213 2150 2248 mox
2171 2200 2386 2253 ahenum

1367 2277 1546 2314 rursus
1561 2261 1750 2318 diserte
1767 2285 2233 2343 commemoratur,
2253 2277 2386 2333 sicut

1365 2337 1504 2393 bene
1527 2344 1729 2398 notavit
1752 2345 2094 2406 Schiracbius.
2132 2352 2381 2425 Denique

1366 2415 1572 2486 vulgata
1594 2420 1750 2475 lectio
1764 2442 1978 2479 sensum
1995 2428 2151 2483 habet
2164 2451 2273 2485 non
2295 2434 2383 2486 in-

1366 2495 1724 2551 commodum.
1745 2500 1876 2554 AEso
1896 2524 2038 2559 nunc
2059 2514 2286 2562 mortalis
2302 2511 2383 2565 di-

1365 2570 1500 2625 citur
1526 2575 1633 2628 sive
1653 2617 1669 2642 ‚
1694 2590 1755 2633 ut
1780 2581 2108 2640 Schirachius
2131 2590 2344 2657 putabat
2363 2631 2381 2658 ,

1365 2649 1486 2717 quia
1507 2671 1665 2707 senex
1690 2656 1797 2721 jam
1822 2658 2116 2731 decrepitus
2139 2677 2193 2718 et
2218 2670 2380 2722 morti

1363 2729 1629 2795 proximus
1652 2745 1789 2798 erat;
1816 2737 1921 2790 sive
1939 2777 1955 2804 ‚
1981 2741 2121 2808 quod
2138 2764 2235 2812 ego
2261 2765 2380 2799 ma-

1360 2802 1454 2856 lim
1474 2844 1488 2869 ,
1514 2808 1634 2874 quia
1652 2809 1992 2868 nihilominus
2013 2824 2241 2872 mortalit
2261 2842 2381 2875 ma-

1362 2884 1549 2950 nebat,
1576 2888 1671 2940 etsi
1690 2889 1738 2941 ei
1755 2890 1862 2944 istis
1877 2894 2273 2953 medicamentis
2287 2902 2380 2968 ju-

1361 2972 1547 3017 ventus
1587 2964 1913 3022 redderetur.
1950 2998 2018 3012 —
2059 2977 2373 3042 Propositum

1359 3058 1564 3107 mimum
1581 3043 2026 3102 medicamentum
2045 3061 2222 3105 autem
2246 3054 2373 3108 iilud

1360 3122 1573 3191 parabat
1597 3124 1710 3178 seni
1733 3126 1924 3181 mulier
1946 3134 2199 3197 barbanu·
2228 3134 2372 3204 quod

1359 3198 1610 3256 invidiose
1633 3203 1871 3258 additum
1895 3220 2039 3278 puto.
2064 3212 2245 3281 Itaque
2272 3235 2372 3270 nec

1359 3276 1493 3332 banc
1507 3299 1693 3334 vocem
1710 3286 1899 3338 tentari
1916 3287 2368 3345 debebat—Bar-

1358 3356 1483 3407 bara
1495 3357 1684 3412 Medea
1705 3361 1864 3415 etiam
1888 3363 2024 3434 apud
2047 3366 2332 3422 Horatium
2349 3411 2365 3437 ,

1359 3432 1457 3503 Ep.
1480 3451 1536 3503 v,
1562 3437 1628 3490 62
1651 3458 1665 3492 :
1691 3440 1939 3497 Heinsius
1959 3454 2133 3498 tamen
2158 3457 2209 3499 et
2227 3449 2370 3502 Bur·—

1342 3530 1582 3568 .mannus
1605 3518 1830 3585 probant
1852 3518 2066 3574 Daumii
2088 3528 2369 3580 correctio·

1355 3607 1483 3643 nem
1499 3632 1514 3659 ,
1540 3611 1637 3661 pro
1651 3598 1867 3649 barbara
1880 3603 2181 3667 reponentis
2194 3644 2208 3670 ,
2231 3623 2369 3658 man-

1354 3688 1518 3734 more,
1567 3672 1623 3724 id
1660 3685 1778 3738 est,
1823 3676 1877 3728 in
1909 3697 2172 3735 marmore
2204 3701 2360 3736 mor—

1354 3748 1471 3800 tarii
1494 3769 1508 3812 ;
1534 3749 1586 3802 in
1614 3754 1867 3806 mortario
1891 3774 2205 3812 marmoreo.

1420 3845 1479 3893 ²7
1489 3846 1530 3895 7.
1543 3828 1709 3882 Mais.
1731 3830 1952 3886 Lenzius
1966 3835 2359 3905 iuterpretatur,

1354 3922 1469 3972 quae
1486 3907 1592 3973 jam
1613 3906 1701 3960 diu
1720 3909 1869 3964 desiit
1888 3913 2084 3966 fructus
2098 3915 2253 3971 serre.
2284 3918 2363 3971 Ea

1352 4000 1477 4035 vero
1502 3986 1649 4038 notio
1674 4006 1783 4041 voc.
1815 3995 1952 4043 111⁸!le
1976 4010 2079 4059 quo
2110 3993 2225 4060 jure
2265 3995 2360 4048 in-

1353 4073 1585 4129 seratur,
1619 4083 1726 4118 non
1751 4066 1918 4122 video,
1969 4070 2112 4124 Num
2139 4070 2362 4130 Ovidius

1343 4146 1509 4207 pultis
1530 4142 1731 4210 scripsit
1753 4143 1778 4195 ?
1809 4148 1953 4199 Rode
1974 4148 2148 4202 omisit
2162 4150 2215 4203 in
2238 4170 2360 4204 ver-

1350 4218 1511 4273 sione.
1542 4247 1610 4260 —
1631 4223 1949 4290 Immtlrcm‘l5
1995 4227 2315 4286 Genevensis
2342 4273 2356 4298 ‚

1350 4303 1628 4368 remiscuit,
1659 4301 1798 4370 quod
1822 4305 1988 4374 placet
2012 4307 2321 4365 But-manno
2343 4353 2358 4379 ,

2001 4411 2082 4475 32
