3217 5134
629 502 1703 589 METAMORPHOSEON
1738 518 1931 588 Lm.
1982 522 2089 588 11.

2295 523 2424 587 215

277 654 677 743 flectimur,
711 656 949 751 ignava
983 674 1330 758 nequeunt
1364 658 1681 753 gravitate
1717 659 1987 734 moveri.

279 770 409 849 Illa
446 769 721 872 quidem
756 787 938 845 recto
975 788 1238 872 pugnat
1270 800 1339 846 se
1373 771 1676 847 attollere
1707 790 1946 847 trunco
1977 803 1995 846 ε

284 888 420 963 Sed
460 915 749 982 genuum
782 887 1089 985 junctura
1122 889 1336 985 riget,
1373 887 1719 990 frigusque
1755 917 1881 989 per
1907 907 2089 964 artus

281 1003 611 1089 Labitur;
649 1018 715 1076 et
750 1000 1000 1103 pallent
1030 1003 1275 1078 amisso
1313 1006 1635 1099 sanguine
1669 1033 1870 1079 venae.

283 1122 513 1221 thue
547 1116 795 1192 malum
824 1115 953 1192 late
989 1117 1162 1193 solet
1189 1119 1675 1195 immedicabile
1710 1149 1943 1197 cancer

2323 1144 2425 1200 825

282 1236 604 1338 serpere,
643 1252 711 1308 et
743 1232 978 1310 illaesas
1013 1235 1264 1310 vitiatis
1302 1235 1542 1312 addere
1576 1255 1841 1338 partes;

283 1350 397 1424 Sic
429 1347 646 1424 letalis
683 1348 895 1424 hiems
929 1349 1251 1451 paulatim
1287 1351 1357 1424 in
1391 1370 1665 1454 pectora
1698 1354 1922 1444 venit3

286 1464 672 1568 vitalesque
706 1466 847 1540 vias
867 1522 886 1555 ,
923 1484 991 1542 et
1026 1468 1459 1570 respiramina
1493 1467 1733 1543 clausit
1768 1500 1786 1542 ε

279 1583 422 1656 Nec
463 1599 702 1656 conata
732 1579 922 1683 loqui
955 1600 1093 1673 est;
1134 1612 1290 1673 nec,
1328 1583 1387 1657 si
1423 1600 1662 1658 conata
1693 1583 1973 1673 suisset,

280 1698 492 1772 Vocis
524 1698 805 1773 haberet
836 1698 1008 1777 iter:
1039 1728 1267 1809 saxum
1291 1700 1429 1800 jam
1464 1698 1636 1775 colla
1669 1701 1979 1788 tenebat3

2323 1724 2426 1777 830

286 1815 562 1915 Oraque
595 1813 997 1905 duruerant;
1034 1817 1432 1919 signumque
1469 1815 2152 1927 exsangue'sedebat:

281 1931 425 2005 Nec
460 1928 630 2032 lapis
659 1931 856 2008 albus
891 1951 1065 2022 erat,
1109 1962 1230 2008 sua
1258 1962 1447 2009 mens
1479 1933 1797 2009 infecerat
1827 1933 2026 2008 illam.

381 2049 572 2122 VIII.
620 2050 759 2125 Has
794 2050 916 2124 ubi
950 2050 1309 2125 verborum
1342 2079 1574 2153 poenas
1607 2050 1978 2152 mentisque
2009 2048 2303 2151 profanae

285 2266 420 2309 noto
445 2265 499 2309 et
531 2255 697 2326 poetis
728 2254 974 2310 familiari
1005 2256 1272 2329 grecismo
1290 2299 1306 2328 ,

284 2354 452 2406 quem
488 2336 737 2406 exemplis
775 2337 997 2391 illustrat
1041 2339 1307 2395 Heinsius.

281 2437 353 2453 --
384 2411 566 2465 Nostri
595 2409 819 2466 Codices
837 2415 1121 2482 ,flectuum
1164 2415 1305 2485 quod

282 2488 610 2559 praetulerim
631 2528 648 2557 ,
688 2490 879 2560 quippe
913 2490 1053 2560 quod
1088 2493 1307 2546 absolu-

280 2577 403 2621 tum
442 2586 457 2620 z
493 2587 585 2621 sur
615 2571 877 2636 lesquelles
912 2588 978 2622 on
996 2573 1211 2639 ste'cbil.
1238 2591 1305 2625 οι

279 2648 455 2713 seplt‘e
468 2685 485 2708 ‚
510 2664 574 2698 en
587 2646 893 2718 s'asseyaaet.
913 2646 1012 2700 Ed.
1027 2675 1095 2689 -
1107 2650 1314 2718 Pugnat

280 2745 341 2780 se
353 2726 594 2780 attollere
611 2766 627 2793 ‚
650 2736 709 2780 ut
731 2726 787 2794 1,
804 2725 902 2780 685
926 2745 940 2780 ε
952 2735 1154 2796 pugnat
1166 2733 1309 2782 evin-

282 2823 396 2859 cere
413 2822 634 2857 somnos.

346 2882 466 2935 823.
489 2882 681 2943 Attus,
705 2899 804 2951 pro
820 2899 926 2950 quo
942 2881 1108 2935 nostri
1133 2878 1311 2936 Codd.

281 2956 416 3011 dant
424 2977 629 3027 ungues,
642 2958 831 3025 latiori,
848 2969 907 3013 ut
916 2958 1125 3014 videtur
1135 2959 1307 3026 nohis,

280 3035 688 3109 significatione.
712 3039 813 3091 Ed.
836 3064 904 3077 —-
924 3040 1026 3090 Per
1042 3045 1186 3090 artus
1212 3056 1309 3108 pro

271 3136 373 3184 pet
395 3136 588 3185 ungnes
611 3157 625 3180 ,
665 3136 728 3170 ex
757 3115 993 3186 pluribus
1019 3114 1228 3170 Ciosani
1255 3127 1311 3170 et

282 3195 500 3249 Heinsii
524 3194 687 3249 MSS.
710 3194 884 3265 recepi
904 3216 918 3259 3
950 3213 1140 3265 ungues
1163 3193 1310 3248 enim

281 3293 388 3329 nec
420 3274 615 3344 frigus,
652 3292 752 3327 nec
787 3273 1018 3327 calorem
1055 3272 1310 3328 sentiunt·

283 3353 425 3408 vult
441 3364 615 3409 totum
629 3373 819 3425 corpus
837 3353 1036 3420 dicere,
1061 3352 1112 3407 id
1131 3364 1311 3407 autem

280 3444 429 3488 recte
451 3453 549 3503 per
565 3441 713 3486 artus
736 3434 1028 3501 (juncturas
1048 3434 1311 3487 membro·
1372 3488 1379 3495 ,

282 3530 411 3566 nnn
431 3551 448 3579 ,
482 3511 615 3564 item
644 3511 885 3565 membra
909 3511 1041 3581 ipsa)
1074 3520 1129 3566 et
1151 3530 1312 3565 vem

284 3589 548 3660 exprimit.
577 3589 650 3645 Et
680 3589 870 3660 passim
875 3589 1054 3658 sn‘gus
1076 3601 1168 3644 aut
1199 3595 1311 3643 tre-

282 3691 398 3726 mor
408 3679 552 3725 adas
563 3690 810 3740 occupate
824 3669 1034 3725 dicitur:
1046 3669 1151 3724 vid.
1172 3667 1311 3723 Cios.

352 3752 471 3805 825.
505 3751 668 3820 thue
681 3752 869 3804 malum
882 3759 982 3803 etc.
1006 3746 1313 3804 Similitudo

284 3831 527 3901 apprime
566 3829 866 3885 claudicans
901 3849 917 3884 z
948 3830 1148 3885 etenim
1182 3827 1311 3896 lapis

283 3910 456 3964 sactus
488 3925 614 3963 cum
653 3927 811 3963 carne
846 3925 1036 3962 cancro
1073 3906 1313 3960 absumta
1351 3976 1357 3984 ⁸

283 3986 429 4043 male
450 3997 817 4059 comparatum
843 3998 959 4041 tum
982 4005 1171 4040 cancer
1192 3985 1313 4039 len·-

283 4066 487 4122 tissime
508 4065 701 4135 serpit,
727 4082 902 4133 neque
927 4074 1103 4118 totum
1122 4080 1313 4132 corpus

164 4174 175 4183 -
283 4154 527 4215 occupat.
552 4143 771 4198 Frustra
791 4141 1013 4214 subjecit
1029 4144 1308 4209 paulatin,

282 4234 348 4281 ut
381 4221 787 4277 similitudinem
820 4217 1087 4292 quandam
1119 4228 1309 4272 osten-

288 4301 459 4356 deret.
482 4327 551 4344 ·-
570 4303 780 4369 Hiems,
806 4300 1000 4372 frigus,
1024 4298 1165 4368 justo
1196 4296 1310 4351 du-

1408 2260 1518 2317 rius
1539 2259 1603 2314 de
1629 2276 1849 2328 corpore
1870 2255 2123 2311 humano.
2143 2283 2212 2296 —
2238 2257 2436 2310 Ve‘lales

1404 2344 1522 2393 vias
1537 2379 1552 2401 ,
1598 2337 1805 2391 canales
1829 2374 1845 2401 ,
1886 2335 2075 2405 quibus
2114 2333 2429 2404 respiramus

1405 2415 1606 2485 aliaque
1628 2433 1852 2468 munera
1870 2411 1934 2466 ad
1954 2413 2116 2465 vitam
2136 2422 2431 2466 sustentan-

1406 2494 1529 2550 dam
1550 2496 1799 2550 facimus:
1820 2498 1962 2546 vocis·
1981 2498 2100 2553 iler,
2132 2490 2325 2544 arteria
2349 2510 2435 2545 as-

1405 2595 1531 2646 pera
1547 2586 1603 2629 et
1622 2594 1709 2638 os;
1738 2573 1819 2626 VI
1835 2611 1850 2640 ‚
1872 2572 1970 2626 355
1984 2610 2000 2637 ,
2028 2576 2117 2623 w'a
2138 2575 2295 2624 vocis.
2320 2569 2434 2622 Lu-

1404 2663 1532 2707 cret.
1551 2650 1662 2717 IV,
1688 2654 1941 2717 514ze‘ler,
1959 2666 2060 2716 qua
2081 2666 2182 2700 vot
2204 2652 2250 2700 it
2270 2652 2324 2699 in
2339 2666 2437 2699 au-

1403 2751 1506 2786 ras.
1527 2759 1595 2772 -
1609 2732 1850 2783 Habent.
1875 2728 2053 2783 Nostri
2074 2725 2298 2782 Codices
2318 2727 2431 2780 Re-
2531 2748 2536 2755 ·

1407 2812 1476 2881 gii
1501 2812 1551 2864 A
1576 2821 1632 2864 et
1653 2810 1701 2863 B
1720 2848 1735 2876 ,
1757 2811 1991 2861 babebat.
2021 2834 2091 2848 —
2116 2806 2262 2859 Colla
2285 2813 2435 2858 lene-

1407 2891 1526 2949 bal,
1568 2894 1915 2957 ocwpaverat
1949 2883 2180 2948 collum,
2225 2892 2284 2935 ut
2317 2881 2436 2950 376.

1405 2996 1475 3009 -
1497 2970 1770 3020 Damni.
1806 2964 1985 3019 Nostri
2031 2960 2257 3016 Codices
2299 2961 2430 3030 Reg.

1406 3049 1691 3099 duruerant.
1704 3042 1841 3095 Vide
1860 3041 1927 3094 ad
1946 3041 2057 3109 706.
2071 3068 2137 3080 —
2155 3037 2424 3111 Infit-erat,

1407 3122 1635 3177 maculas
1652 3131 1744 3176 aut
1757 3120 1970 3191 nigrum
1986 3119 2034 3174 ei
2051 3119 2284 3173 colorem
2297 3136 2429 3171 con-

1407 3210 1654 3255 traxerat.
1706 3198 1933 3253 Servant
1967 3197 2210 3252 homines
2242 3194 2432 3249 mutati

1408 3277 1602 3347 aliquid
1632 3297 1661 3330 e
1697 3277 1912 3348 pristina
1952 3286 2176 3342 natura,
2215 3274 2430 3346 Lycaon

1405 3357 1673 3411 feritatem
1690 3397 1706 3424 ,
1729 3355 1958 3426 Daphne
1979 3355 2211 3409 nitorem
2226 3392 2241 3420 ,
2266 3363 2365 3406 etc.

1471 3436 1726 3505 833—875.
1753 3437 1873 3488 Has
1906 3438 2000 3488 ubi
2028 3445 2127 3488 etc.
2171 3431 2391 3501 Agenor
2409 3470 2426 3498 ,

1406 3533 1499 3569 rex
1523 3513 1828 3579 Phoenices,
1857 3511 2019 3564 filiam
2043 3509 2226 3564 habuit
2251 3508 2430 3562 Euro-

1407 3612 1560 3664 pam,
1586 3610 1747 3663 quam
1772 3591 1964 3645 amavit
1987 3590 2213 3660 Jupiter.
2246 3589 2297 3643 ls
2319 3588 2430 3659 igi-

1409 3681 1532 3738 tur,
1577 3672 1635 3724 in
1675 3681 1889 3724 taurum
1924 3688 2138 3735 versus,
2171 3667 2432 3738 virginem

1407 3762 1616 3821 raptam
1648 3748 1804 3803 dorso
1852 3749 2116 3804 transtulit
2149 3767 2245 3818 per
2279 3766 2427 3801 mare

1409 3828 1861 3883 mediterraneum
1873 3828 1926 3881 in
1938 3825 2162 3881 insulam
2176 3824 2393 3879 Cretam
2413 3865 2427 3890 ,

1409 3907 1500 3961 ubi
1518 3926 1582 3961 ex
1602 3926 1666 3962 ea
1684 3905 1911 3976 suscepit
1933 3904 2176 3959 Minoem
2194 3943 2211 3970 ,
2234 3903 2431 3973 Sarpe-

1409 3982 1608 4039 donem
1643 3994 1697 4038 et
1722 3981 2205 4038 Rhadamanthum.
2242 3980 2431 4035 Fabu-

1406 4063 1515 4117 lam
1539 4061 1676 4116 hanc
1698 4061 1889 4132 partim
1913 4059 2237 4115 Phoeniciam
2255 4098 2271 4127 ,
2294 4078 2428 4129 par·-

1407 4141 1506 4193 tim
1533 4138 1879 4206 Cretensem,
1903 4135 2265 4209 Pherecydes,
2292 4135 2432 4190 Hel·-

1406 4217 1606 4273 lanicus
1633 4257 1649 4284 ,
1682 4214 2031 4271 Antimachus
2048 4255 2065 4284 ,
2101 4214 2391 4269 Anticlides
2410 4254 2427 4283 ‚

1408 4293 1753 4368 Epimenides
1767 4305 2113 4351 narraverant
2125 4313 2140 4364 ;
2166 4292 2434 4366 peculiari·
