3217 5134
826 509 949 594 146

1377 509 1453 572 P.
1510 506 1862 577 OVIDII
1913 503 2378 575 NASONIS

820 685 854 716 »
898 651 1255 753 Scorpion,
1295 666 1492 750 atque
1528 646 1718 722 aliter
1752 663 2131 722 curvantem
2162 647 2433 722 brachia
2472 645 2818 724 Cancrum.

819 801 855 834 n
897 770 1035 841 Nec
1071 767 1192 841 tibi
1227 765 1686 868 quadrupedes
1716 764 2050 842 animosos
2082 763 2353 876 ignibus
2383 764 2552 855 illis,

822 919 856 950 »
896 885 1092 980 Quos
1125 884 1196 958 in
1223 900 1491 984 pectore
1525 882 1807 971 habent,
1838 910 2007 984 quos
2034 911 2149 956 ore
2184 899 2250 957 et
2274 883 2549 958 naribus
2583 883 2837 973 efflant,
2873 909 2934 959 εξ.

819 1034 853 1066 >>
892 1004 973 1075 In
1007 1017 1326 1102 promptu
1357 1027 1584 1094 regere
1616 1015 1719 1074 est
1749 1028 1765 1072 τ
1799 1000 1910 1078 vix
1936 1026 2042 1073 me
2076 999 2460 1101 patiuntur,
2496 1020 2574 1075 ut
2611 1026 2805 1077 acres‘

821 1151 855 1184 ³>
895 1114 1234 1190 Incaluere
1259 1114 1496 1203 animi3
1533 1115 1884 1216 cervixque
1919 1133 2244 1217 repugnat
2271 1115 2570 1192 habenis.

819 1267 853 1299 »
897 1236 992 1308 At
1026 1250 1130 1318 tu,
1165 1229 1411 1306 funesti
1440 1257 1527 1305 ne
1561 1231 1689 1305 sim
1720 1230 1847 1305 tibi
1874 1231 2170 1306 muneris
2204 1249 2466 1321 auctor,

817 1383 857 1415 »
894 1352 1097 1437 Nate,
1136 1376 1318 1436 cave3
1355 1347 1516 1421 dum
1545 1375 1787 1449 resque
1820 1347 2019 1437 sinit,
2055 1367 2167 1424 tua
2202 1349 2457 1446 corrige
2489 1365 2659 1422 vota.

817 1500 852 1531 »
894 1464 1187 1553 Scilicet,
1225 1482 1304 1539 nt
1336 1481 1567 1538 nostro
1604 1464 1900 1560 genitum
1929 1482 1996 1539 te
2031 1466 2349 1562 sanguine
2382 1465 2635 1555 credas,
2880 1508 2945 1561 9·

816 1616 851 1649 »
891 1582 1183 1677 Pignora
1212 1599 1387 1657 certa
1419 1582 1593 1682 petis
1628 1611 1643 1654 ε
1677 1580 1766 1655 do
1801 1582 2088 1683 pignora
2120 1599 2294 1656 certa
2328 1582 2621 1656 timendo
2652 1612 2669 1671 ;

819 1740 854 1772 >2
893 1708 985 1779 Et
1015 1703 1234 1806 patrio
1268 1721 1458 1805 pater
1487 1731 1629 1778 esse
1663 1721 1843 1778 metu
1878 1705 2181 1806 probor:
2208 1704 2474 1806 adspice
2505 1703 2727 1780 vultus

816 1862 851 1894 >³
890 1830 1063 1902 Ecce
1091 1853 1315 1915 meos;
1343 1825 1733 1926 utinamque
1770 1825 2004 1901 oculos
2037 1827 2109 1900 in
2143 1845 2412 1929 pectora
2445 1856 2679 1930 posses

816 1985 852 2017 ι)
892 1953 1189 2026 Inserere
1208 2006 1228 2039 ‚
1266 1967 1334 2024 et
1354 1947 1600 2050 patrias
1634 1947 1816 2024 intus
1849 1949 2255 2058 deprendere
2282 1952 2514 2025 curas!

817 2110 851 2141 »
892 2078 1219 2177 Denique,
1239 2073 1566 2177 quidquid
1592 2073 1798 2148 habet
1818 2074 2018 2164 diva,
2033 2074 2482 2176 circumspice,
2504 2077 2829 2165 mundus;
2865 2100 2937 2171 95

817 2235 851 2264 »ι
893 2200 1085 2300 Eque
1122 2216 1226 2272 tot
1260 2225 1333 2271 ac
1370 2198 1614 2271 tantisc
1647 2195 1751 2273 aeli
1775 2253 1795 2285 ,
1833 2213 2184 2298 temque,
2219 2197 2553 2298 marisque

814 2357 852 2393 »ι
892 2323 1101 2396 Posce
1132 2321 1333 2396 bonis
1364 2318 1661 2422 aliquid:
1690 2317 1942 2395 nullam
1975 2321 2225 2422 patiere
2255 2318 2607 2421 repulsam.

821 2479 854 2510 »
895 2424 1236 2545 Deprecor
1264 2443 1398 2517 hoe
1425 2470 1673 2531 unum;
1705 2443 1890 2543 quod
1922 2470 2078 2517 vero
2114 2444 2384 2518 nomine
2413 2471 2611 2545 poena
2631 2500 2650 2533 ,

819 2602 856 2634 2>
894 2568 1050 2641 Non
1069 2565 1290 2639 honor
1315 2582 1418 2640 est
1444 2597 1460 2639 :
1488 2593 1785 2666 pomam,
1809 2566 2192 2674 Iffhaethon,
2218 2593 2343 2667 pro
2365 2595 2665 2656 munere,
2696 2570 2940 2669 poscis.

817 2803 908 2874 ¹9⁵
931 2817 1044 2869 sqq.
1083 2795 1259 2853 Stella
1292 2798 1438 2851 enim
1462 2798 1602 2851 inter
1640 2797 1829 2868 virgi-

808 2895 936 2930 nem
957 2887 1011 2930 et
1037 2875 1297 2946 Scorpion
1316 2913 1333 2941 ,
1379 2893 1505 2944 quas
1545 2873 1703 2928 hodie
1740 2874 1831 2927 Li-

811 2961 962 3014 bram
978 2975 1223 3010 vocamus
1241 2996 1257 3022 ‚
1280 2954 1408 3007 olim
1428 2973 1538 3007 non
1564 2964 1717 3008 erant
1737 2973 1830 3022 pe—

809 3037 1002 3091 culiare
1017 3034 1175 3099 sidus,
1186 3032 1277 3086 sed
1293 3032 1662 3086 tribuebantur
1674 3030 1832 3084 chelis

816 3114 1035 3182 Scorpii.
1070 3111 1213 3164 Hinc
1250 3110 1623 3179 intelligendus
1647 3108 1833 3178 Virgil.
1866 3107 1875 3116 ’

814 3191 881 3245 G.
895 3191 942 3256 1,
958 3189 1285 3250 ὅδε-ΛΜΗ,
1304 3187 1528 3258 inaliam
1542 3187 1832 3256 regionem.

881 3268 962 3321 83.
998 3265 1104 3320 Hie
1129 3265 1320 3319 scilicet
1352 3285 1530 3318 versus
1551 3283 1791 3318 occasum
1815 3304 1830 3331 ‚

813 3349 903 3402 ille
926 3346 1187 3399 orientem
1211 3353 1420 3412 epectat.
1444 3343 1545 3394 Ed.

885 3426 965 3493 84.
988 3426 1223 3492 Ignibus,
1252 3425 1390 3487 Quos
1414 3431 1510 3474 etc.
1532 3420 1610 3473 lta
1629 3418 1834 3474 descri-

818 3506 1021 3561 buntur
1049 3501 1320 3556 interdum
1350 3499 1593 3554 ardentes
1626 3510 1833 3555 tantum

822 3582 1106 3648 anhelitus,
1134 3580 1275 3633 unde
1301 3579 1541 3632 nobilitas
1570 3597 1833 3647 equorum

819 3659 1173 3731 cognoscitur:
1192 3658 1373 3728 virgil.
1389 3656 1580 3726 Georg.
1602 3657 1715 3724 111,
1734 3653 1801 3711 85
1818 3681 1831 3722 ς

821 3739 1028 3793 Lueret.
1066 3736 1150 3803 V,
1189 3757 1267 3809 29.
1309 3737 1516 3788 Verum
1551 3737 1673 3804 equi
1699 3736 1835 3790 Solis

821 3817 1029 3889 proprie
1076 3814 1325 3868 dicuntur
1366 3825 1451 3889 πῦρ
1489 3817 1634 3867 πνέειν
1667 3833 1681 3866 :
1716 3813 1833 3867 vide

824 3894 999 3949 Cerda
1023 3891 1089 3946 ad
1112 3893 1259 3961 Virg.
1307 3888 1518 3942 AEneid.
1543 3887 1653 3943 XII
1673 3928 1687 3955 ,
1727 3895 1836 3945 115.

825 3973 969 4026 Hinc
981 3969 1169 4039 afflant
1179 3967 1313 4038 apud
1339 3978 1519 4038 poetas
1538 3979 1703 4020 terras
1720 3986 1806 4021 eas
1818 4009 1831 4030 ,

825 4051 1011 4120 quibus
1036 4050 1205 4103 lucem
1230 4057 1528 4118 apportant:
1547 4047 1694 4117 Virg.
1712 4046 1837 4101 AEn.

825 4129 876 4178 V
897 4167 912 4196 ,
954 4129 1063 4200 739.
1105 4128 1234 4180 Mox
1266 4147 1399 4179 vers.
1443 4128 1537 4193 154
1559 4165 1573 4192 ,
1614 4129 1839 4179 hinm'lus

811 4207 1118 4280 flammiferi.
1154 4234 1221 4247 -
1245 4209 1335 4260 Me
1346 4213 1638 4274 poliuntur,
1682 4225 1712 4258 a
1748 4225 1836 4258 me

824 4286 935 4355 regi
955 4305 1010 4339 se
1034 4284 1306 4354 patiuntur
1325 4305 1337 4348 ;
1356 4289 1479 4350 pali
1494 4284 1560 4336 de
1584 4284 1837 4352 imperio:

1925 2801 2185 2866 cervisque
2196 2800 2948 2872 repugnalhabemknuntergo

1927 2874 2050 2943 equi
2077 2875 2496 2950 σκληρτρᾶχηλοι,
2526 2879 2947 2946 &optumus-jan.

1926 2951 2065 3006 Dial.
2087 2950 2253 3005 Deor.
2280 2951 2331 3006 d.
2360 2952 2393 3006 l.
2424 2953 2639 3024 Jupiter
2667 2956 2903 3028 Apollini
2930 3002 2945 3024 ‚

1928 3035 2100 3099 ἧγνόιις
2135 3040 2227 3085 τῶν
2258 3037 2405 3086 ἵππων
2437 3036 2512 3087 τὶν
2546 3039 2701 3102 ,θυμὸν
2720 3075 2739 3102 ,
2778 3041 2841 3097 ὦς
2878 3044 2953 3094 δεῖ

1928 3114 2134 3179 συνέχειν
2150 3111 2318 3184 ἐνέγκῃ
2346 3116 2419 3165 riv
2441 3118 2628 3179 χαλινόν
2646 3152 2663 3180 ,
2696 3124 2795 3170 etc.

1992 3190 2072 3243 86.
2104 3191 2190 3254 lsi.
2215 3187 2353 3243 Cod.
2369 3190 2435 3244 R.
2454 3189 2515 3246 B.
2539 3195 2643 3246 ubi.

1994 3269 2071 3339 87.
2108 3271 2399 3344 lunulam-e.¹
2420 3271 2580 3326 Palae
2618 3277 2898 3330 ineman·
2924 3319 2938 3338 ,

1931 3346 2073 3418 quod
2095 3348 2260 3417 placet
2284 3345 2570 3404 Gebhardo
2586 3351 2751 3425 Crep.
2775 3356 2832 3424 1,
2859 3378 2946 3425 ιιι,

1928 3434 1982 3477 et
2004 3423 2290 3479 illustratur
2313 3445 2341 3480 a
2364 3428 2695 3484 But-manno.

1994 3521 2076 3576 9¹·
2107 3506 2195 3557 Do
2218 3511 2435 3574 pignora
2468 3519 2566 3562 etc.
2604 3510 2860 3566 Praelata
2894 3525 2955 3567 et

1930 3600 2052 3635 vere
2083 3592 2301 3652 paterna
2327 3587 2603 3640 sententia.
2627 3613 2696 3630 --
2717 3593 2945 3654 prator,

1932 3669 2024 3726 ut,
2053 3660 2163 3726 vl,
2190 3664 2288 3716 208
2306 3703 2320 3729 ‚
2347 3665 2558 3717 dubitor.

1996 3758 2077 3811 9²·
2096 3741 2335 3808 Adspice.
2352 3739 2478 3793 Duo
2493 3780 2508 3807 ‚
2531 3747 2725 3810 inspice
2741 3765 2757 3796 .·
2773 3745 2919 3814 quod
2934 3786 2955 3811 ,

1932 3828 2185 3871 monente
2219 3818 2406 3871 Burm.
2442 3819 2699 3888 majorem
2724 3821 2957 3894 diligen-

1933 3893 2060 3946 tiam
2106 3906 2161 3949 et
2196 3916 2379 3950 curam
2425 3909 2589 3952 notat.
2626 3900 2785 3955 Nunc
2824 3921 2959 3955 ver·

1932 3971 2070 4026 solus
2092 3976 2360 4041 adspectus
2381 3975 2687 4031 sufficiebat.

1999 4054 2083 4123 94.
2109 4055 2439 4122 Deprendere.
2480 4053 2615 4109 cod.
2651 4057 2719 4113 R.
2750 4057 2816 4110 Β.
2849 4078 2963 4113 co-

1930 4151 2183 4198 gnoscere.

1999 4229 2080 4283 99.
2112 4212 2314 4270 Honor,
2356 4231 2552 4267 munus
2577 4211 2965 4268 honorificum.

1934 4287 2135 4358 -Slsffi
2146 4291 2265 4341 und.
2278 4288 2566 4357 Deestper:
2582 4290 2685 4345 vid.
2702 4290 2768 4345 ad
2783 4311 2856 4346 vs.
2869 4292 2959 4359 46.
