3217 5134
621 528 1224 598 METAMORP
1246 530 1686 603 HOSEON
1729 533 1930 601 LIB.
1980 536 2140 611 III.

306 674 402 747 Et
436 670 719 768 genibus
754 671 1037 774 supplex
1071 673 1313 775 positis
1333 729 1353 763 ‚
1391 672 1758 777 similisque
1793 677 2056 772 roganti
2077 733 2097 765 ‚

2309 535 2440 623 245

2347 699 2446 766 240

309 787 713 861 Circumfert
738 787 974 862 tacitos
995 844 1014 877 ‚
1049 804 1363 889 tanquam
1395 818 1514 864 sua
1546 789 1853 878 brachia,
1889 790 2130 865 vultus.

307 908 405 979 At
441 903 714 982 comites
747 904 1056 1004 rapidum
1092 904 1308 981 solitis
1338 906 1724 981 hortatibus
1752 936 1987 1003 agmen

306 1020 536 1117 Ignari
568 1019 927 1128 instigant,
967 1021 1314 1123 oculisque
1346 1024 1664 1098 Actaeona
1701 1044 2046 1124 quaerunt3

310 1142 402 1214 Et
436 1137 621 1213 velut
651 1138 992 1213 absentem
1022 1141 1318 1215 certatim
1353 1142 1671 1216 Actaeona
1704 1139 2006 1215 clamant.

306 1255 417 1329 Ad
450 1283 697 1329 nomen
734 1274 937 1356 caput
969 1253 1082 1330 ille
1112 1256 1345 1345 refert,
1383 1275 1461 1331 ut
1493 1258 1722 1333 abesse
1756 1276 2166 1360 queruntur,

2343 1277 2441 1349 245

305 1372 448 1446 Nec
482 1399 713 1472 capere
748 1370 988 1447 oblatae
1023 1402 1291 1470 segnem
1318 1372 1692 1476 spectacula
1725 1375 1981 1475 praedae.
2241 1447 2245 1453 .

306 1486 530 1563 Vellet
567 1488 795 1562 abesse
831 1488 1098 1589 quidem
1134 1519 1151 1562 ε
1188 1490 1303 1563 sed
1343 1490 1561 1579 adest3
1593 1489 1922 1591 velletque
1957 1491 2219 1579 videre,

302 1607 461 1678 Non
496 1605 691 1679 etiam
722 1604 964 1679 sentire
996 1633 1236 1679 canum
1269 1604 1408 1680 fera
1436 1605 1607 1680 sacta
1639 1636 1933 1681 suorum.

306 1719 622 1821 Undique
659 1721 1118 1810 circumstant;
1156 1721 1519 1824 mersisque
1556 1723 1629 1798 in
1664 1751 1941 1825 corpore
1974 1723 2216 1799 rostris
2239 1777 2258 1812 ‚

299 1836 684 1914 Dilacerant
711 1838 859 1914 falsi
895 1838 1239 1914 dominum
1274 1839 1399 1913 sub
1435 1839 1721 1936 imagine
1753 1840 1943 1914 cervi.

2338 1856 2437 1911 250

402 1957 576 2049 Nec,
602 1956 736 2030 nisi
767 1955 956 2031 finita
986 1984 1109 2056 per
1140 1955 1427 2057 plurima
1459 1954 1732 2030 vulnera
1759 1957 1893 2029 vita
1916 2012 1936 2046 ‚

300 2074 412 2145 Ira
442 2072 832 2173 pharetratae
857 2070 1069 2147 fertur
1103 2072 1333 2147 satiata
1369 2072 1618 2146 Dianae.

402 2190 525 2262 111.
563 2191 823 2263 Rumor
852 2189 925 2262 in
958 2188 1276 2297 ambiguo
1313 2207 1454 2264 est:
1484 2186 1631 2262 aliis
1657 2184 2014 2261 violentior
2047 2214 2237 2287 aequo

298 2359 377 2414 sic
403 2368 546 2413 recte
571 2358 815 2414 dicantur
831 2398 849 2426 ,
874 2359 1072 2413 dubito.
1097 2358 1203 2414 Sed
1220 2379 1321 2427 po-

294 2458 417 2493 nere
430 2458 564 2507 genu
576 2480 592 2507 ‚
608 2439 834 2493 formula
844 2438 1092 2494 solemnis
1112 2438 1178 2493 de
1198 2458 1321 2508 sup-

297 2516 582 2586 plicatione
603 2536 616 2569 :
642 2517 669 2570 1
687 2558 703 2585 ,
728 2537 851 2589 729,
883 2518 974 2587 qui
998 2517 1113 2570 loco
1134 2528 1318 2570 nostro

296 2594 610 2649 simillimus.
637 2595 698 2647 In
727 2606 871 2649 tanta
892 2595 1037 2649 enim
1056 2614 1242 2649 rerum
1256 2595 1319 2648 si·

295 2672 599 2728 militudine
632 2673 749 2736 fieri
772 2672 914 2727 haud
946 2675 1147 2745 potuit,
1188 2674 1316 2745 quin

295 2751 491 2806 similia
517 2751 676 2806 verba
711 2751 1005 2820 similesque
1041 2752 1319 2807 sententie

296 2840 687 2902 repeterentur.
1104 2872 1107 2875 A

362 2912 481 2978 242.
496 2911 812 2963 Hor-tatibus.
823 2907 1151 2963 vetustiores
1164 2907 1321 2962 maxi-

296 3006 390 3041 ma
408 2997 657 3057 exparte,
673 2990 957 3051 latratibus,
984 2985 1124 3057 quod
1151 2986 1320 3041 Hein-

290 3066 878 3137 siusinterpretabatur,
889 3066 1118 3120 clamore
1137 3064 1318 3119 ethor-

292 3155 416 3199 tatu
446 3144 694 3199 latratum
729 3143 979 3197 caninum
1020 3141 1318 3197 annulante-

292 3250 367 3265 -
385 3225 568 3278 Nostri
601 3223 825 3279 Codices
856 3222 1008 3292 Regii
1046 3225 1321 3275 latratibus

294 3302 516 3359 habent.
539 3330 608 3345 -
627 3304 876 3357 Hortalus·
894 3319 1049 3354 canes
1066 3309 1120 3353 et
1134 3308 1321 3352 monet

292 3391 566 3437 venator.
591 3379 711 3434 vide
729 3379 1318 3445 Heinsium.—Ignar1,·

292 3472 360 3516 ut
374 3479 529 3515 versu
542 3462 596 3527 3,
615 3462 778 3514 ocum
788 3464 1040 3527 quarum,-
1060 3456 1161 3523 IV,
1194 3474 1318 3529 ¹29·

274 3558 525 3612 juvenem
539 3541 702 3592 ocule}
714 3541 975 3605 amboque
993 3540 1208 3604 nquit-17.
1230 3534 1318 3589 Sic

288 3627 355 3672 et
382 3616 521 3670 Plin-
548 3615 630 3669 vl
651 3613 785 3684 ,.Ep
809 3631 861 3667 x.

364 3698 484 3763 245.
506 3695 606 3748 Ad
621 3714 833 3757 nonen,
873 3691 1052 3748 audito
1083 3710 1182 3747 suo
1204 3709 1317 3747 no-

288 3793 481 3841 nime,
502 3784 565 3827 ut
590 3772 705 3840 IV,
748 3776 855 3840 145.
879 3799 947 3815 -·
966 3772 1178 3841 Refert,
1217 3789 1316 3823 re-

286 3853 506 3920 flectit,
536 3861 790 3920 tanquam
812 3871 869 3906 se
894 3849 1231 3904 indicaturus.
1249 3873 1321 3891 —··

296 3933 570 3987 Utabesse
579 3936 860 3998 sumatur.
874 3927 1054 3982 Nostri
1070 3927 1224 3997 Regii
1236 3966 1251 3993 ,
1267 3931 1322 3980 et

282 4013 512 4073 abet-rm·
553 4006 777 4061 vividius
805 4015 963 4060 certe.
997 4004 1188 4059 Sermo
1218 4004 1316 4057 in-

286 4098 571 4159 terruptus
588 4087 813 4159 maxime
839 4086 943 4140 hoc
969 4086 1087 4140 loco
1116 4102 1315 4140 conve-

284 4171 395 4224 nit.
413 4170 516 4223 Ed.
530 4196 599 4209 -
624 4169 810 4236 capere
824 4161 1142 4233 spectacula.
1167 4182 1317 4233 spec-

280 4257 431 4303 ure.
447 4273 515 4288 --
538 4246 728 4299 Oblata
741 4255 883 4298 recte
906 4242 971 4296 de
997 4239 1188 4312 preda.
1216 4239 1318 4307 Of-

270 4322 424 4397 stm‘
436 4323 591 4381 enim
603 4321 852 4381 dicuntur
864 4361 881 4394 ,
914 4322 972 4378 in
994 4338 1110 4397 qun.⁵
1128 4318 1317 4388 impe-

1414 2370 1528 2414 rato
1558 2359 1854 2423 incidimus.
1884 2385 1951 2399 -
1981 2359 2111 2411 Feta
2124 2357 2282 2426 sacta
2312 2354 2432 2409 ele-

1412 2441 1673 2511 phantum
1716 2440 1872 2494 habet
1915 2438 2073 2491 etiam
2115 2435 2389 2490 Lucretius
2414 2474 2430 2501 ,

1415 2516 1485 2585 V,
1519 2519 1676 2590 1339;
1704 2516 1942 2587 Euripid.
1964 2514 2151 2569 Bacch.
2176 2515 2293 2585 337,
2316 2515 2434 2581 ὦμὸ·

1413 2619 1535 2652 σιτ-οι
1551 2601 1764 2657 σκύλακες
1779 2595 2131 2649 Αεῑωοηὶεα-
2143 2593 2205 2646 ln
2220 2591 2301 2645 his
2324 2594 2435 2644 vel-

1411 2679 1484 2728 let
1496 2685 1592 2731 etc.
1610 2716 1626 2744 ,
1644 2674 1778 2729 ludit
1786 2685 1940 2746 poeta
1951 2692 2150 2740 rursus,
2161 2689 2307 2726 more
2320 2687 2432 2723 suo.

1412 2780 1478 2797 --
1499 2756 1686 2807 Funus
1716 2770 1915 2818 cet-uun
1941 2761 2001 2804 ut
2024 2752 2051 2805 1
2068 2789 2083 2815 ‚
2112 2753 2233 2820 754,
2248 2750 2427 2816 salsus

1407 2837 1617 2899 genitor.
1627 2831 1770 2885 Male
1787 2830 1946 2900 igitur
1958 2826 2430 2897 quidam,salsa.-—

1413 2910 1670 2963 Attamen
1687 2919 1742 2962 et
1758 2916 1935 2961 noster
1950 2906 2081 2974 Reg.
2101 2905 2149 2958 A
2155 2904 2310 2971 salsa
2325 2902 2430 2957 dat.

1479 2990 1591 3039 251.
1606 2987 1728 3046 Nec,
1750 2987 2011 3053 m’sefim'ta
2025 2992 2124 3036 etc.
2141 2977 2306 3034 Hunc
2319 2996 2432 3033 ver·

1411 3082 1533 3120 sum
1578 3072 1632 3116 et
1674 3072 1988 3131 sequentem
2018 3101 2032 3123 ‚
2075 3077 2203 3130 quos
2248 3055 2432 3112 Codex
2475 3065 2480 3071 “

1414 3140 1616 3212 Sprotii
1639 3160 1668 3193 a
1691 3159 1855 3192 manu
1887 3139 2179 3193 recentiore
2204 3136 2428 3207 margini

1414 3220 1699 3290 adscriptos
1739 3219 1898 3274 habet
1915 3261 1928 3281 .
1973 3219 2148 3273 caeteri
2173 3236 2301 3272 vero
2329 3235 2431 3270 or-

1412 3300 1537 3354 dine
1560 3300 1841 3366 exhibent,
1879 3298 2156 3358 Heimins.
2186 3307 2244 3351 ut
2263 3295 2432 3350 soedis-

1413 3377 1608 3431 simum
1625 3388 1911 3431 centonem
1928 3415 1944 3443 ,
1970 3373 2224 3430 delendos
2238 3383 2430 3429 censet.

1416 3456 1603 3526 Inepte
1642 3474 1767 3510 sane
1797 3466 1923 3510 sunt
1952 3452 2304 3525 superioribus
2334 3450 2432 3504 ad·-

1412 3534 1543 3599 dita;
1559 3534 1652 3589 sed
1667 3544 1723 3587 et
1735 3534 1852 3588 alibi
1867 3533 2000 3587 solet
2018 3531 2244 3586 Ovidius
2255 3528 2430 3583 latiori

1411 3625 1469 3669 et
1480 3614 1670 3668 acriori
1690 3611 2029 3682 descriptioni
2040 3610 2293 3678 subjicere
2311 3626 2428 3663 sen·

1412 3688 1968 3760 tentiamlanguidam.
1994 3687 2246 3758 Displicet
2267 3688 2425 3743 etiam

1411 3778 1673 3823 structura
1688 3768 1987 3822 verborum.
2009 3765 2197 3821 Nescio
2213 3774 2391 3818 tamen
2406 3803 2424 3832 ,

1412 3865 1480 3900 an
1493 3865 1605 3901 non
1620 3857 1674 3902 et
1685 3845 1798 3901 hac
1809 3844 2062 3900 similibus
2074 3842 2199 3897 locis
2210 3840 2425 3896 defendi

1410 3925 1584 3997 possit.
1622 3923 1782 3981 Certe
1802 3925 1963 3981 etiam
1985 3941 2138 3976 versu
2163 3923 2252 3989 58,
2282 3938 2425 3974 con-

1408 4014 1635 4059 currunt
1666 4013 1890 4073 quatuor
1912 3998 2160 4054 vocabula
2177 3999 2238 4052 in
2261 4018 2298 4051 a
2320 3997 2427 4050 ‹te-a

1408 4083 1651 4138 sinentis.
1665 4081 1848 4136 Simile
1862 4079 2280 4133 additamentum
2290 4076 2430 4130 infra

1410 4179 1542 4214 vers.
1560 4163 1662 4226 400
1682 4178 1794 4228 sqq.
1817 4157 2023 4227 legitur.

1477 4240 1657 4294 253·31
1665 4242 1714 4293 5.
1731 4240 1927 4290 Rumor
1935 4240 1989 4288 e'n
2002 4237 2236 4302 amhkuo
2242 4237 2325 4286 es!
2335 4240 2432 4286 etc.

1412 4317 1449 4371 J
1453 4336 1561 4373 uno
1580 4315 1765 4379 dolens
1781 4353 1799 4386 ,
1839 4314 2087 4374 Semelen
2104 4352 2124 4380 ,
2152 4310 2347 4368 Cadmi
2368 4308 2439 4364 fi-
