3217 5134
790 500 924 603 326

1340 532 1420 602 P.
1478 534 1831 608 OVIDII
1883 531 2346 601 NASONIS

785 679 1073 753 Tantum
1111 676 1285 751 odiis
1317 678 1563 778 iraeque
1599 675 1834 750 dabat!
1874 672 2181 750 Saturnia
2211 677 2417 749 Juno.

789 796 953 893 Quo
989 795 1186 869 simul
1219 795 1520 880 intravit,
1555 820 1876 895 sacroque
1914 821 1953 864 a
1991 804 2274 894 corpore
2310 819 2614 894 pressum

786 913 1123 1007 Ingemuit
1155 910 1394 997 limem
1429 910 1554 984 tria
1590 911 1920 984 Cerberus
1951 910 2189 985 extulit
2220 939 2374 1000 ora,

789 1032 882 1104 Et
916 1046 1045 1102 tres
1076 1027 1351 1104 latratus
1385 1027 1582 1102 simul
1619 1025 1830 1101 edidit
1861 1055 1875 1100 ε
1910 1025 2026 1100 illa
2053 1052 2317 1100 sorores

2821 1048 2912 1117 450

786 1148 1003 1219 Nocte
1037 1161 1228 1219 vocat
1260 1144 1552 1241 genitas,
1589 1171 1783 1239 grave
1819 1162 1883 1217 et
1915 1142 2333 1244 implacabile
2356 1171 2624 1217 numen.

792 1270 1089 1345 Carceris
1122 1287 1273 1344 ante
1306 1268 1484 1344 fores
1519 1268 1774 1343 clausas
1808 1268 2151 1343 adamante
2185 1267 2550 1356 sedebant3

786 1392 1024 1494 Deque
1056 1392 1195 1466 suis
1225 1409 1406 1466 atros
1437 1393 1793 1493 pectebant
1825 1391 2122 1467 crinibus
2153 1420 2404 1488 angues
2434 1421 2450 1464 :

790 1516 1013 1613 Quam
1049 1516 1245 1590 simul
1282 1534 1619 1614 agnorunt
1657 1518 1829 1590 in'ter
1863 1516 2166 1613 caliginis
2199 1517 2469 1593 umbras
2492 1573 2511 1606 ,

791 1638 1144 1714 Surrexere
1179 1639 1335 1713 Deae
1362 1668 1378 1712 :
1409 1638 1595 1713 sedes
1632 1637 1944 1715 scelerata
1970 1657 2262 1716 vocatur.

2819 1659 2905 1730 4⁵⁵

789 1761 1059 1837 Viscera
1087 1762 1429 1863 praebebat
1458 1761 1694 1865 Tityos
1722 1761 2068 1851 lanianda;
2106 1792 2477 1866 novemque

853 1969 966 2041 449.
1005 1969 1255 2034 Ingemui!
1283 1966 1428 2022 dedit
1461 1966 1806 2023 Burmannus

785 2066 848 2101 ex
865 2047 1027 2101 MSS.
1045 2047 1248 2117 Vulgo,
1268 2054 1523 2101 Intremui!
1553 2059 1644 2101 aut
1672 2069 1806 2103 con-

787 2131 998 2180 tremuel.
1013 2124 1196 2179 Codex
1212 2126 1407 2195 Regius
1421 2127 1467 2180 B
1483 2124 1680 2179 babet
1653 2144 1806 2195 mge-

786 2209 945 2258 muil·
927 2242 941 2266 ,
981 2202 1164 2257 Codex
1193 2204 1239 2257 Α
1255 2244 1270 2268 ,
1308 2209 1574 2257 ιἠΙνεωωῚ.
1605 2230 1674 2244 -·
1708 2206 1807 2255 In-

784 2287 988 2352 gemuit.
1011 2285 1226 2353 crepuit.
1250 2286 1503 2343 Gemitus,
1524 2283 1699 2337 omnis
1719 2302 1809 2337 so-

788 2382 925 2427 nus,
965 2381 1124 2430 quem
1168 2382 1250 2417 res
1295 2363 1597 2417 inanimata
1637 2362 1808 2431 dant,

792 2441 922 2495 dum
945 2443 1211 2496 calcantur
1233 2482 1248 2509 ,
1291 2442 1564 2512 pulsantur
1594 2481 1608 2507 ‚
1651 2445 1811 2496 sran-

789 2531 1001 2593 guntur.
1036 2551 1104 2563 —
1128 2524 1364 2576 Cerbems
1384 2521 1469 2575 bic
1487 2542 1549 2576 an
1558 2532 1607 2577 te
1634 2525 1773 2577 sores
1792 2564 1808 2591 ,

792 2615 852 2656 ut
877 2603 1049 2656 Tibul.
1075 2604 1130 2671 1,
1162 2620 1227 2656 m
1245 2644 1261 2671 ,
1288 2623 1342 2672 7¹
1368 2643 1383 2670 ‚
1419 2601 1482 2655 ad
1511 2604 1811 2673 exemplum

793 2680 944 2754 prisci
969 2681 1060 2734 τινὶ
1078 2723 1089 2737 ,
1121 2681 1208 2735 ubi
1231 2681 1443 2735 maximi
1468 2701 1623 2735 canes
1645 2679 1814 2735 adre-

794 2762 998 2831 giarum
1032 2759 1224 2814 oediurn
1259 2761 1398 2815 sores
1425 2760 1663 2814 excubias
1694 2780 1815 2831 age·

793 2841 937 2893 bant.
969 2839 1125 2910 Apud
1153 2839 1435 2910 Virgilium
1456 2880 1470 2906 ‚
1499 2859 1650 2894 versu
1678 2842 1772 2909 4¹7
1794 2879 1811 2906 ‚

794 2929 939 2972 trans
983 2918 1339 2973 Acherontem
1371 2930 1585 2973 antrum
1621 2917 1811 2979 babet,

794 2997 935 3051 unde
957 3001 1148 3050 latratu
1171 2996 1648 3065 insaucipersonal.
1664 3025 1731 3038 —
1743 2999 1818 3049 E!

795 3083 896 3128 tres
916 3086 1013 3128 etc.
1046 3073 1346 3129 Commode
1367 3074 1609 3128 landatur
1634 3095 1662 3128 a
1683 3073 1815 3128 Bur·

796 3171 1025 3215 mann03
1053 3152 1346 3218 Lueianns,
1365 3153 1418 3206 in
1439 3154 1815 3208 Hermotimo:

799 3238 897 3287 Καὶ
921 3254 1012 3300 ξων
1014 3255 1122 3289 ugr
1151 3240 1213 3289 εὶς
1241 3232 1343 3298 ἅμα
1369 3236 1470 3299 ifle

861 3311 973 3375 45¹·
996 3310 1112 3360 Not
1120 3280 1311 3361 Furias
1326 3325 1436 3359 uno
1460 3319 1609 3377 partu
1636 3308 1814 3366 edidit.

798 3416 864 3429 —
881 3390 1070 3447 Graue.
1090 3386 1306 3439 noxium
1322 3397 1376 3439 et
1394 3387 1625 3442 seviens.
1640 3392 1818 3442 -Ῑηι-

789 3468 1059 3533 placabile
1085 3463 1226 3534 quod
1244 3484 1352 3517 uon
1371 3464 1495 3518 sinit
1513 3484 1567 3518 se
1585 3467 1817 3522 exorari:

799 3548 889 3613 ἇμι
895 3555 1043 3615 ι’λιχεν
1069 3548 1175 3622 ἔτερ
1201 3551 1282 3614 ΐοχ
1286 3570 1386 3601 um
1413 3546 1638 3599 Homer.
1678 3546 1733 3600 Il.
1756 3548 1813 3616 Ῐ,

799 3626 911 3679 568.
932 3652 999 3665 -
1029 3626 1218 3677 Numen
1241 3624 1505 3678 collective
1536 3624 1602 3677 de
1631 3625 1813 3681 tribus.

797 3704 1127 3755 —Camcres.
1147 3702 1354 3767 tartari,
1381 3721 1488 3771 quo
1504 3701 1816 3757 detinentur

797 3779 1046 3833 scelerati.
1062 3806 1129 3820 -
1147 3780 1446 3846 Antefhres
1465 3821 1478 3839 ,
1516 3780 1602 3832 ubi
1632 3799 1816 3834 earum

797 3857 947 3911 sedes
974 3877 987 3911 ς
1013 3857 1115 3910 vid.
1146 3858 1324 3930 Heyn.
1362 3856 1425 3910 ad
1459 3857 1671 3910 AEneid.
1702 3858 1778 3913 vl
1800 3899 1816 3926 ,

802 3938 916 3992 280.
952 3964 1018 3977 —
1051 3938 1368 3993 Adaeaanle.
1412 3938 1587 4002 ferro,
1636 3938 1819 3994 ferreis

799 4013 1048 4069 claustris.
1095 4016 1234 4069 Nam
1283 4020 1468 4085 ἔδαμας
1499 4016 1708 4086 proprie
1752 4015 1818 4070 de

799 4093 957 4146 ferro.
989 4094 1070 4147 ln
1103 4095 1239 4149 Fast.
1271 4096 1370 4150 805
1392 4135 1408 4161 ‚
1453 4114 1520 4147 es·
1548 4098 1822 4149 adamante

800 4175 1008 4223 secar-115.
1055 4172 1332 4242 Quidquid
1368 4173 1562 4226 durum
1609 4184 1662 4226 et
1700 4174 1821 4227 satis

800 4247 1068 4302 munitum
1087 4262 1165 4304 est
1186 4290 1201 4317 ‚
1225 4254 1604 4304 adas-anteana
1626 4251 1820 4305 Grecis

801 4336 855 4379 et
879 4325 1078 4380 Latinis
1114 4325 1306 4381 dieitur
1335 4348 1349 4381 τ
1388 4327 1506 4382 vide
1539 4329 1713 4383 (ἕνην.
1754 4329 1819 4382 ad

1903 1968 2122 2024 Hesiod.
2154 1970 2299 2025 Scut.
2327 1989 2461 2024 vers.
2504 1970 2614 2024 136.
2647 1970 2788 2025 Male
2808 1970 2902 2042 igi-

1903 2058 1992 2101 tur
2015 2047 2201 2116 Rode,
2229 2054 2326 2101 me'!
2356 2052 2514 2101 eiaeem
2535 2050 2789 2103 Diana!
2808 2067 2907 2100 ver-

1901 2129 2178 2180 scalas-sen.
2202 2154 2270 2169 -
2292 2130 2584 2180 Pectebaenl.
2607 2125 2785 2180 Codex
2810 2126 2909 2180 Re-

1906 2205 2018 2276 gius
2033 2205 2097 2258 Β
2096 2208 2455 2273 ,spec-tabant,
2474 2215 2527 2258 et
2542 2223 2729 2274 supra,
2749 2204 2809 2258 ab
2823 2203 2909 2258 alia

1908 2302 2101 2350 mann,
2120 2287 2422 2352 μάσημα
2462 2283 2565 2338 hoc
2585 2284 2757 2338 solum
2781 2284 2910 2339 acti-

1908 2361 2180 2432 piendum.
2218 2364 2317 2415 Ed.
2344 2363 2518 2416 Furia
2552 2363 2800 2432 temporis
2825 2361 2912 2416 sal-

1908 2440 2052 2493 iendi
2079 2460 2230 2494 causa
2255 2459 2446 2507 angues
2466 2482 2479 2502 ,
2520 2460 2655 2510 quos
2685 2460 2780 2511 pro
2810 2440 2910 2494 eri-

1909 2519 2083 2585 nibus‚
2110 2529 2200 2572 aut
2215 2519 2446 2573 crinibus
2466 2519 2717 2589 implexos
2736 2518 2764 2591 (
2782 2518 2911 2589 Vin-g.

1913 2596 2106 2669 Georg.
2141 2597 2222 2652 lv
2244 2639 2259 2666 ‚
2287 2595 2424 2665 482)
2451 2597 2743 2665 habebant,
2758 2605 2914 2665 pecte-

1910 2680 2054 2738 bant,
2079 2687 2137 2729 ut
2151 2675 2322 2729 solent
2342 2676 2523 2729 otiose
2537 2676 2711 2729 crines
2729 2694 2911 2730 curare.

1911 2755 1966 2810 11
1989 2795 2005 2821 ,
2042 2776 2116 2809 ιι.
2136 2754 2298 2809 Foeda
2322 2755 2512 2825 imago.

1977 2836 2089 2901 454.
2121 2837 2339 2902 Quam...
2360 2839 2594 2897 umbras,
2637 2844 2700 2891 ut
2735 2834 2914 2889 AEneas

1912 2912 2183 2967 Didonem
2210 2914 2393 2985 Virgil.
2420 2914 2527 2983 Vl,
2560 2918 2659 2982 452
2676 2955 2692 2983 ‚
2718 2916 2805 2968 ubi
2823 2934 2913 2968 ce-

1909 2995 2083 3060 Ie‘ge'mir
2096 2991 2231 3047 illius
2242 2993 2377 3049 rafio
2393 2992 2723 3048 describitur.
2735 2993 2915 3046 -Sv-

1911 3089 2080 3124 texere
2095 3069 2151 3124 in
2166 3068 2427 3129 honorem
2440 3070 2769 3125 advenientis
2784 3069 2913 3122 Dee.

1910 3175 1977 3188 —
1996 3149 2149 3202 Sedes
2168 3152 2429 3203 scelemla.
2462 3147 2649 3220 Vin-gil.
2674 3148 2798 3200 AEn.
2818 3145 2891 3200 vl
2900 3184 2912 3211 ,

1915 3225 2011 3280 563
2025 3265 2040 3293 ,
2057 3230 2347 3280 sceleratum
2355 3226 2505 3280 limen
2518 3244 2537 3292 ‚·
2554 3225 2732 3280 Tibul.
2744 3226 2917 3279 Alsa-

1911 3308 2076 3358 lerata
2086 3305 2243 3374 jace!
2257 3308 2405 3359 sedes
2416 3309 2471 3358 in
2492 3311 2640 3358 nocte
2654 3304 2914 3373 pmfeaele.

1978 3384 2093 3451 456.
2126 3388 2594 3453 Vleceraptaebela!
2605 3395 2705 3439 ete.
2726 3384 2810 3438 De
2826 3401 2917 3454 poe-

1912 3461 1994 3515 nis
2018 3461 2372 3518 infernalibus.
2391 3463 2535 3517 Fons
2553 3472 2608 3516 et
2623 3461 2817 3519 sundm
2831 3461 2917 3514 ha-

1914 3561 2035 3595 rum
2057 3541 2349 3596 fabularum
2373 3553 2452 3597 est
2475 3542 2706 3597 Homeri
2728 3541 2830 3598 od.
2848 3553 2888 3598 A
2902 3578 2915 3604 ,

1916 3626 2011 3691 575
2027 3642 2137 3692 sqq.
2164 3644 2177 3683 ;
2206 3620 2363 3675 Cons.
2389 3622 2584 3676 Noster
2604 3622 2675 3675 ih.
2706 3625 2797 3689 ¹75
2818 3638 2918 3688 sqq.

1916 3701 2126 3756 Lucret.
2151 3702 2235 3757 111
2247 3744 2262 3769 ,
2288 3707 2386 3778 995
2408 3723 2519 3773 sqq.
2537 3743 2554 3769 ,
2576 3701 2643 3756 de
2669 3702 2797 3756 vivis
2818 3701 2921 3754 hac

1913 3782 2165 3852 capienda
2188 3802 2297 3837 esse
2320 3791 2539 3849 monet,
2576 3791 2637 3834 ut
2676 3778 2919 3836 Tantalus

1913 3858 1980 3913 sit
2002 3861 2176 3931 imago
2197 3858 2428 3914 bominis
2445 3859 2790 3931 superstitiosi
2804 3897 2821 3925 ,
2837 3856 2921 3910 Τι-

1916 3949 2033 4012 tyos
2055 3938 2350 4004 libidinosi,
2335 3963 2348 3975 ·
2375 3938 2632 4012 Sisyphus
2657 3938 2921 3992 hominem

1917 4018 2188 4089 designet,
2231 4019 2320 4089 qui
2344 4017 2563 4090 imperia
2587 4018 2780 4072 frustra
2806 4032 2922 4069 am-

1914 4096 2049 4159 biat;
2078 4116 2171 4166 per
2199 4096 2382 4150 Furias
2407 4106 2586 4149 autem
2626 4094 2923 4187 iptelligen-

1918 4175 2039 4228 dam
2080 4194 2187 4230 esse
2226 4174 2512 4244 impiorum
2541 4172 2925 4228 conscientiam.

1914 4281 1982 4294 —-
2018 4256 2226 4325 Tityos.
2265 4252 2447 4306 Terrae
2492 4252 2659 4320 filius,
2699 4252 2789 4322 qui
2822 4249 2924 4302 vim

1915 4329 2163 4383 intulerat
2190 4330 2437 4396 Latonoe,
2468 4329 2620 4383 Jovis
2645 4326 2843 4399 pellici,
2870 4325 2919 4376 in
