3217 5134
684 4176 743 4217 V

764 502 855 570 56

1315 505 1393 571 P.
1460 504 1829 573 OVIDII
1881 504 2350 575 NASONIS

767 647 871 719 Os
907 644 1164 719 homini
1199 644 1481 721 sublime
1519 646 2353 750 dedit;.caelnmque.tueri
2837 654 2902 726 8'5

763 761 1017 848 Jussit‚
1052 779 1120 836 et
1154 779 1407 836 erectos
1438 762 1523 837 ad
1556 763 1771 839 sidera
1807 763 2042 840 tollere
2077 763 2325 839 vultus.

766 878 879 953 Sic
898 935 917 966 ,
954 878 1158 952 modo
1196 908 1342 980 quae
1372 878 1589 955 fuerat
1622 880 1812 955 rudis
1840 897 1908 954 et
1939 880 2082 954 sine
2113 879 2401 976 imagine
2432 876 2629 953 tellus
2649 935 2668 967 ‚

763 994 999 1069 Induit
1030 994 1294 1090 ignotas
1327 995 1676 1071 hominum
1711 1026 2024 1071 conversa
2053 996 2318 1093 figuras.

863 1113 951 1184 ll.
991 1112 1251 1187 AUREA
1287 1114 1500 1214 prima
1528 1133 1668 1189 sata
1700 1132 1802 1190 est
1834 1132 2025 1203 aetas,
2063 1142 2243 1215 quae,
2281 1112 2535 1187 vindice
2568 1111 2761 1186 nullo
2783 1168 2802 1200 ,

763 1301 919 1358 multi
947 1301 1223 1355 Veterum.
1254 1300 1337 1357 Cs.
1363 1301 1473 1357 Cic.
1498 1304 1564 1357 N.
1595 1303 1663 1357 D.
1692 1303 1749 1357 11
1771 1342 1787 1370 ‚

770 1380 866 1443 55;
895 1380 1051 1449 Legg.
1073 1379 1135 1445 Ι,
1165 1400 1224 1453 93
1254 1381 1486 1437 Lactant.
1513 1383 1642 1437 lust.
1668 1382 1788 1437 Div.

770 1457 859 1523 11,
892 1479 932 1511 1.
960 1458 1027 1512 In
1051 1475 1112 1510 ea
1134 1476 1242 1511 esse
1268 1457 1532 1528 dignitatis
1565 1470 1620 1513 et
1655 1479 1792 1529 prae-

764 1536 973 1590 stantiae
995 1547 1189 1590 nostra
1204 1556 1413 1591 causam
1428 1575 1444 1597 .
1459 1539 1596 1592 bene
1611 1538 1793 1593 docuit

768 1613 1002 1668 Herder.
1043 1614 1099 1668 in
1140 1613 1275 1668 libro
1327 1619 1482 1670 Ideen
1535 1638 1632 1670 zur
1670 1621 1790 1671 Ge-

767 1696 996 1746 scbicbte
1011 1704 1110 1748 etc„
1133 1695 1195 1747 Ρ.
1220 1695 1244 1747 1
1265 1734 1279 1761 ,
1305 1714 1354 1764 p.
1388 1716 1478 1765 ¹7²
1499 1715 1610 1766 sqq.

836 1773 914 1827 85.
958 1775 1132 1827 Pueri.
1180 1774 1379 1829 intueri
1402 1815 1419 1843 ,
1467 1788 1527 1831 ut
1562 1778 1614 1830 X
1631 1817 1647 1844 ‚
1674 1779 1788 1850 389.

768 1849 917 1920 'Vix-g.
955 1850 1078 1907 AEn.
1115 1853 1197 1915 IV,
1212 1893 1226 1915 ,
1254 1856 1345 1919 45ι
1369 1893 1385 1920 ,
1424 1859 1544 1907 caele‘
1567 1875 1791 1909 convexa

766 1933 908 1981 tuen:
946 1957 1013 1969 -
1050 1931 1329 1998 Coelumque
1366 1938 1504 1985 tuen.
1540 1932 1788 2002 Plerique

769 2007 987 2076 quidem
1008 2009 1169 2063 MSS.
1186 2020 1301 2063 tum
1317 2010 1547 2065 Lactant.
1565 2012 1693 2066 Inst.
1709 2012 1786 2079 11,

772 2106 822 2151 1,
838 2095 891 2138 et
913 2085 1095 2141 Isidor.
1111 2087 1206 2148 XI.
1228 2088 1402 2161 Etym.
1418 2104 1460 2155 1,
1477 2088 1674 2143 habent
1693 2111 1787 2143 ca·-

766 2165 872 2215 Ium
888 2167 1067 2217 videre.
1086 2163 1194 2217 Sed
1207 2170 1355 2225 lueri,
1383 2164 1524 2233 quod
1544 2164 1654 2219 duo
1673 2166 1789 2219 Me·

769 2241 903 2294 dicei
921 2243 1238 2312 praeserunt,
1262 2244 1450 2313 quibus
1471 2243 1629 2298 addas
1648 2264 1791 2300 non-

767 2319 942 2374 nullos
955 2320 1080 2374 alios
1091 2360 1107 2386 ,
1125 2321 1180 2374 in
1200 2321 1384 2390 quibus
1399 2327 1587 2374 intueri
1597 2333 1761 2376 exstat
1771 2362 1788 2391 ,

770 2397 1017 2466 quodque
1039 2399 1199 2451 etiam
1215 2396 1389 2453 Schol.
1409 2397 1640 2453 ineditus
1655 2400 1792 2453 Pru-

768 2474 917 2529 dent.
937 2476 1000 2529 ad
1023 2477 1143 2529 nin
1157 2476 1457 2548 Symmach.
1476 2478 1594 2544 260,
1611 2497 1791 2548 agnos·

766 2552 840 2607 cit
859 2592 874 2620 ,
902 2562 979 2606 est
1004 2552 1302 2621 exquisitius
1320 2592 1335 2620 ,
1364 2564 1520 2623 atque
1547 2574 1577 2607 e
1604 2553 1789 2625 Virgil.

767 2641 1021 2686 sumtum.

837 2708 917 2762 86.
953 2712 1178 2762 Ereclos.
1215 2711 1430 2777 Emptos
1463 2712 1540 2761 ad
1558 2728 1600 2762 s.
1630 2707 1790 2762 Geb-

766 2784 918 2841 hard.
948 2787 1107 2858 Crep.
1136 2789 1196 2853 1,
1235 2788 1300 2854 6,
1340 2809 1402 2842 ex
1429 2787 1562 2842 cod.
1590 2788 1701 2842 Pal.
1737 2799 1792 2842 et

765 2866 937 2919 tribus
959 2866 1068 2921 aliis
1089 2865 1327 2920 defendit
1344 2906 1359 2932 ,
1390 2867 1550 2919 invita
1571 2865 1791 2936 quidem

765 2943 1030 2999 Minerva.
1058 2948 1293 2999 Ereclam
1310 2944 1538 2998 hominis
1559 2946 1790 2999 sormam

766 3038 925 3095 urget
944 3037 1113 3095 poeta.
1141 3056 1206 3068 —
1230 3028 1327 3081 Ad
1340 3018 1510 3081 sidera
1523 3069 1536 3090 ,
1578 3039 1638 3082 ut
1657 3048 1790 3083 cor—

766 3108 984 3177 poribus
1017 3107 1303 3162 caelestibus
1329 3110 1749 3179 contemplandis
1770 3150 1787 3179 ,

770 3183 876 3239 Dei
914 3184 1270 3254 cognitionem
1306 3206 1489 3256 capere
1518 3189 1787 3258 possimus.

768 3262 903 3315 Haec
914 3274 1254 3332 respexerunt
1266 3263 1364 3318 alii.
1378 3264 1566 3319 Senec.
1579 3265 1644 3319 de
1659 3266 1789 3320 Otio

768 3344 891 3414 Sep.
916 3345 978 3396 32
1005 3360 1018 3394 :
1046 3366 1070 3389 κ
1099 3344 1208 3398 Nec
1231 3344 1394 3397 erexit
1420 3345 1789 3401 tantummodo

766 3423 1077 3491 hominem,
1113 3423 1204 3478 sed
1237 3423 1396 3477 etiam
1431 3424 1495 3477 ad
1536 3436 1788 3478 contem-
1825 3468 1830 3474 .

766 3504 1055 3574 plationem
1071 3506 1269 3559 sactum
1287 3545 1302 3571 ‚
1325 3518 1385 3560 ut
1401 3506 1466 3559 ab
1484 3517 1603 3559 ortu
1618 3505 1788 3560 sidera

767 3581 825 3633 in
842 3601 1079 3637 occasum
1096 3583 1321 3637 labentia
1335 3584 1575 3654 prosequi
1588 3595 1758 3653 posset
1772 3624 1787 3651 ‚

768 3672 822 3714 et
860 3661 1067 3715 vultum
1102 3681 1259 3715 suum
1296 3662 1633 3718 circumferre
1667 3683 1787 3717 cum

767 3750 913 3805 toto,
948 3739 1168 3793 sublime
1194 3741 1315 3793 fecit
1338 3741 1408 3793 illi
1429 3751 1596 3810 caput.
1620 3763 1645 3788 ι»
1691 3742 1787 3795 Si-

763 3813 885 3880 lius,
904 3816 1027 3879 XV,
1045 3817 1141 3882 84:
1169 3838 1193 3861 «
1214 3816 1407 3869 Nonne
1428 3816 1599 3883 vides,
1624 3817 1790 3871 homi-

764 3912 898 3946 num
918 3905 973 3946 ut
988 3893 1148 3947 celsos
1162 3892 1224 3945 a]
1240 3894 1410 3947 sidera
1426 3894 1597 3948 vultus
1607 3895 1788 3949 Sustu-

764 3971 885 4027 lerit
902 3973 1061 4040 Deua,
1084 3994 1140 4026 ac.
1153 3974 1393 4027 sublimia
1409 3974 1616 4030 finxerit
1631 3975 1786 4029 ora?»

767 4052 903 4105 Inde
935 4053 1097 4106 homo
1138 4052 1332 4108 Graecis
1360 4056 1581 4130 ἆιθΓωεος
1604 4054 1788 4109 ‹lictus-

832 4132 912 4201 87.
942 4134 1058 4184 Sitzc
1079 4136 1324 4199 imagine,
1362 4133 1615 4187 informis.
1651 4134 1785 4187 Fast.

767 4206 796 4260 Ῑ
815 4246 830 4273 ‚
873 4223 941 4259 111
959 4247 973 4275 ,
1009 4213 1118 4261 sine
1151 4215 1371 4277 inmge‘ne
1401 4214 1568 4262 moles.
1609 4212 1788 4279 Imago

770 4286 955 4356 passim
981 4308 1079 4358 pro
1100 4290 1270 4343 forma
1289 4328 1305 4356 ,
1330 4301 1389 4342 ut
1414 4288 1496 4342 ΠΙ
1512 4328 1527 4356 ,
1561 4310 1601 4344 ι.

1951 1305 2029 1358 88.
2056 1305 2235 1357 Induit
2255 1321 2508 1367 conversa,
2532 1320 2562 1354 e
2587 1302 2737 1372 copia
2761 1322 2900 1372 poe-

1885 1383 1986 1437 tica
2005 1422 2020 1450 ,
2057 1383 2267 1452 accepit.

1951 1461 2170 1533 89—150.
2194 1462 2368 1514 Aurea
2388 1463 2556 1527 prima
2577 1470 2678 1513 etc.
2702 1457 2902 1512 Nobilis

1885 1538 2029 1592 locus
2051 1538 2118 1591 de
2138 1543 2394 1599 aetatibus,
2420 1538 2474 1590 in
2495 1555 2621 1607 quas
2639 1537 2870 1606 priscum
2885 1576 2901 1602 ,

1888 1615 2030 1686 quod
2043 1614 2450 1669 effluxu-atinde
2461 1615 2524 1669 ab
2540 1615 2904 1685 originemun-

1886 1694 1960 1760 di,
1977 1713 2149 1748 oevum
2164 1692 2793 1763 describere,quibusque,
2809 1712 2904 1763 pro

1885 1774 2140 1843 cujusque
2154 1773 2357 1826 ratione
2369 1813 2383 1841 ,
2403 1793 2435 1825 a
2448 1770 2670 1825 metallis
2683 1772 2903 1824 nomino

1851 1860 1856 1867 ‘
1884 1851 2165 1922 imponere
2185 1892 2200 1919 ,
2241 1851 2466 1921 antiquis
2498 1851 2666 1920 poetis
2696 1851 2901 1920 placuit.

1886 1928 2166 1984 Claudian.
2197 1946 2316 1982 xxu
2336 1969 2352 1996 ,
2391 1929 2519 1996 446,
2556 1934 2701 1982 vario
2707 1926 2905 1995 suctim

1883 2012 2128 2064 deli-tincta
2158 2012 2362 2063 metallo
2394 2010 2591 2061 Secula.
2630 2007 2760 2075 Quo
2789 2006 2900 2060 sine

1882 2087 2044 2143 dubio
2060 2087 2137 2140 nil
2156 2085 2296 2140 aliud
2319 2087 2612 2157 exprimere
2628 2086 2899 2151 volebant,

1883 2165 1984 2219 nisi
2023 2166 2156 2233 hoc,
2192 2184 2358 2235 genus
2387 2165 2671 2218 hominum
2701 2183 2731 2218 a
2764 2174 2902 2217 statu

1885 2244 2110 2297 naturali
2135 2253 2190 2297 et
2215 2243 2380 2296 animi
2401 2242 2701 2314 integritate
2725 2240 2903 2313 grada-

1885 2320 1982 2373 tim
2016 2320 2285 2390 delapsum
2309 2340 2416 2375 esse
2445 2320 2508 2373 ad
2541 2320 2680 2373 hanc
2702 2330 2758 2374 et
2783 2319 2902 2370 vita
2930 2291 3032 2409 V

1884 2400 2148 2455 rationem
2164 2439 2179 2467 ,
2200 2411 2253 2454 et
2267 2400 2616 2454 vitiositatem.
2637 2402 2814 2452 Varro
2834 2398 2898 2451 R.

1887 2479 1953 2534 R.
1980 2481 2070 2547 11,
2096 2499 2117 2535 1
2141 2501 2155 2535 ε
2181 2482 2243 2535 ln
2264 2501 2491 2535 numero
2510 2491 2688 2534 autem
2709 2479 2900 2532 harum

1884 2571 2099 2615 etatum
2132 2601 2148 2628 ,
2187 2573 2389 2634 poetae,
2427 2572 2487 2614 ut
2525 2561 2619 2627 fit,
2667 2560 2812 2613 inter
2845 2578 2898 2612 se

1884 2638 2213 2695 dissentiunt.
2234 2642 2371 2694 Nam
2387 2638 2606 2694 Hesiod.
2628 2632 2737 2714 fif).
2768 2657 2900 2710 109-

1887 2722 1985 2774 208
2009 2759 2025 2785 ,
2069 2722 2303 2791 quinque
2341 2730 2615 2783 recenset;
2666 2719 2901 2783 Noster,

1884 2800 2072 2853 omissa
2095 2810 2213 2870 post
2244 2817 2446 2853 oeneam
2485 2797 2721 2862 heroica,
2759 2813 2899 2865 qua-

1886 2888 2042 2943 tuor;
2082 2880 2274 2933 Aratus
2313 2878 2585 2932 Phaenom.
2629 2875 2898 2941 100-134,

1883 2966 2026 3019 tres;
2063 2956 2290 3010 duarum
2329 2964 2536 3009 tantum
2568 2952 2898 3006 mentionem

1882 3037 2083 3090 faciunt
2119 3036 2301 3107 virgil.
2339 3034 2611 3105 Georg.1,
2659 3036 2751 3087 125
2785 3048 2896 3100 sqq.

1882 3115 1995 3169 coll.
2022 3114 2147 3168 AEn.
2171 3114 2311 3167 VIII
2331 3154 2346 3181 ‚
2384 3115 2482 3180 314
2503 3132 2613 3182 sqq.
2639 3121 2694 3164 et
2724 3108 2898 3163 Tibul.

1886 3194 1944 3259 1,
1968 3209 2068 3260 111,
2092 3194 2156 3246 35
2179 3211 2289 3261 sqq.
2309 3212 2323 3253 ς
2348 3210 2447 3244 nec
2471 3188 2742 3261 poenitebit
2772 3206 2897 3242 cum

1882 3270 1962 3327 his
1978 3272 2211 3324 Lactant.
2235 3270 2362 3323 lust.
2384 3268 2487 3322 div.
2512 3270 2564 3320 V
2582 3308 2597 3335 ,
2624 3270 2653 3320 5
2673 3305 2689 3335 ,
2715 3277 2899 3320 contu-

1880 3349 2011 3404 lisso.
2054 3349 2184 3402 Erat
2218 3359 2472 3418 praeterea
2504 3347 2561 3399 in
2603 3345 2896 3413 vaticiniis,

1882 3437 2056 3480 exacta
2077 3426 2174 3481 hac
2193 3426 2381 3480 misera
2396 3436 2546 3481 aetate
2566 3465 2581 3493 ,
2599 3426 2714 3478 sore
2731 3432 2900 3490 παλιγ-

1880 3512 2084 3573 γενεσίαν
2102 3543 2118 3570 ,
2143 3502 2194 3558 h.
2221 3524 2267 3558 e.
2294 3505 2407 3558 fore
2430 3544 2445 3570 ,
2482 3515 2542 3557 ut
2563 3504 2773 3557 inverso
2796 3522 2898 3556 or—

1883 3583 2006 3637 dine
2029 3582 2199 3636 secula
2232 3582 2317 3636 illa
2353 3582 2532 3637 denuo
2559 3582 2898 3636 revolvantur

1882 3674 1936 3717 et
1959 3672 2286 3715 renoventur
2307 3682 2320 3715 ι
2348 3661 2448 3715 vid.
2473 3661 2619 3731 virg.
2645 3660 2753 3715 Ecl.
2782 3659 2862 3715 lv
2878 3700 2895 3726 ,

1880 3742 2055 3811 ibique
2080 3740 2372 3812 Heynium‚
2398 3740 2455 3792 in
2469 3740 2651 3809 primis
2667 3738 2731 3792 ad
2754 3759 2823 3794 vs.
2850 3742 2896 3807 4.

1883 3820 2109 3876 Ovidius
2133 3819 2350 3873 Hesiod.
2384 3829 2439 3872 et
2465 3818 2647 3890 virgil.
2672 3821 2897 3873 maxime

1881 3910 2088 3953 secutus
2111 3898 2398 3967 reperitur,
2424 3897 2778 3966 aemulumque
2803 3896 2902 3950 ha-

1881 3977 1996 4029 buit
2035 3975 2218 4030 Senec.
2257 3975 2417 4043 Hipp.
2453 3992 2585 4027 vers.
2621 3975 2719 4040 524
2753 3991 2897 4042 seqq.

1881 4054 2028 4109 Med.
2054 4055 2182 4117 330;
2219 4053 2403 4108 Octav.
2428 4054 2523 4126 397
2549 4073 2660 4123 sqq.
2701 4054 2898 4107 Ferrea

1881 4132 2205 4187 aetassecund
2213 4151 2303 4186 um
2319 4133 2575 4187 Nostrum
2591 4130 2744 4201 periit
2756 4130 2898 4184 Deu-

1879 4212 2116 4267 calioneo
2140 4211 2350 4266 diluvio.

1944 4291 2047 4363 89-
2055 4312 2074 4345 1
2089 4311 2106 4345 ι
2118 4311 2163 4345 2.
2182 4292 2356 4345 Aurea
2359 4294 2526 4359 prima
2535 4296 2656 4344 sala
2665 4294 2747 4343 es!
2753 4295 2894 4342 aetas.
