3217 5134
662 744 786 849 P.
878 629 1397 848 ovum
1467 740 2126 849 NASONIS

385 982 2422 1134 METAMORPHOSEON.*

884 1295 1273 1382 LIBER
1352 1296 1880 1383 PRIMUS.
1955 1414 1966 1425 q

311 1700 423 1805 IN
454 1758 628 1805 nova
661 1727 795 1804 fert
826 1729 1086 1804 animus
1120 1747 1409 1805 mutatas
1444 1730 1662 1804 dicere
1697 1728 1949 1804 formas

310 1850 637 1957 Corpora.
679 1846 773 1920 Di
808 1847 1044 1949 coeptis
1066 1903 1086 1935 ‚
1130 1875 1284 1921 nam
1321 1875 1441 1921 vos
1472 1847 1782 1921 mutastis
1817 1863 1885 1920 et
1911 1843 2100 1933 illas,

373 2044 401 2072 *
423 2045 915 2111 Metamorphoseon,
937 2060 1050 2095 non
1067 2043 1339 2095 Metamor-

297 2123 520 2188 phoseos
536 2120 849 2189 inscriptum
875 2139 984 2173 esse
1005 2119 1109 2173 hoc
1125 2138 1257 2189 opus
1272 2120 1336 2173 ab

310 2199 545 2251 Auctore
565 2237 582 2264 ,
601 2196 766 2250 MSS.
779 2197 1106 2267 optimorum
1125 2237 1141 2265 ,
1164 2208 1339 2250 aucto-

305 2297 431 2330 rum
451 2277 557 2331 hoc
579 2296 795 2336 carmen
820 2275 1152 2331 laudantium
1167 2315 1182 2343 ‚
1209 2277 1336 2330 Pla-

306 2355 467 2409 nudis
484 2355 539 2408 in
555 2354 875 2425 metaphrasi
894 2373 1058 2426 graeca
1076 2394 1090 2420 ,
1111 2364 1167 2408 et
1182 2352 1339 2407 Grae-

304 2453 492 2487 corum
519 2474 533 2500 ,
596 2432 662 2485 ad
706 2451 935 2502 quorum
981 2432 1336 2487 imitationem

306 2514 503 2567 Noster
524 2511 641 2565 baec
662 2511 899 2581 scripsit,
926 2511 1178 2566 evincunt
1199 2531 1335 2564 auc-

304 2592 575 2657 toritates,
604 2610 733 2660 quas
756 2589 874 2643 vide
900 2608 982 2659 ap.
1008 2589 1195 2643 Heius.
1221 2589 1336 2642 Ne-

301 2690 406 2740 que
418 2691 542 2724 usus
554 2669 749 2739 linguae
763 2669 1023 2739 permittit
1039 2709 1054 2736 ,
1076 2679 1155 2723 tot
1171 2679 1336 2724 trans·

300 2749 689 2802 formationum
706 2767 898 2818 corpus
915 2750 1334 2816 metamorphosin

300 2846 507 2885 vocare.

370 2926 413 2958 ι.
438 2907 501 2958 In
522 2902 776 2972 nonest-r!
791 2909 993 2957 am'mus
1010 2914 1111 2958 etc.
1136 2903 1330 2957 Primis

278 2976 531 3053 'quatuor
553 2983 789 3037 versibus
819 2981 1126 3036 continetur
1149 2992 1203 3034 et
1233 3001 1331 3034 ar-

299 3063 544 3132 gumenti
569 3061 852 3131 expositio,
878 3071 964 3126 et,
993 3071 1052 3114 ut
1071 3060 1125 3113 in
1153 3059 1330 3114 didac-

297 3141 405 3195 tico
437 3139 679 3194 carmine
704 3179 721 3206 ,
769 3138 1030 3192 invocatio
1067 3138 1328 3191 Deorum.

298 3218 567 3273 Brevitate
588 3259 603 3286 ,
619 3217 948 3287 simplicitate
963 3258 977 3284 ‚
995 3216 1253 3270 modestia
1272 3238 1328 3271 se

298 3296 1330 3351 commendathoccarmen.—Fbrlam‘-

296 3396 436 3437 aas,
462 3375 632 3429 intell.
655 3395 762 3435 me,
790 3373 1010 3445 impellit
1033 3393 1151 3438 me;
1183 3372 1326 3444 quod

296 3463 379 3508 est
389 3453 715 3523 simpliciter,
726 3451 868 3517 volo,
881 3450 1050 3521 cupio.
1069 3450 1156 3504 Sic
1166 3450 1329 3504 etiam

292 3532 436 3586 infra
457 3536 592 3585 vers.
619 3534 713 3604 775
735 3552 750 3594 ς
776 3540 830 3584 et
856 3531 919 3583 A.
947 3530 1041 3594 A„
1065 3529 1151 3582 Ill
1171 3568 1186 3595 ,
1215 3530 1327 3599 467.

290 3609 543 3664 Aliorum
560 3618 838 3679 poetarum
856 3608 966 3660 loca
976 3606 1183 3677 collegit
1197 3606 1329 3659 Dra·

289 3688 451 3743 kenb.
471 3687 536 3740 ad
562 3687 751 3741 Silium
768 3727 784 3753 ‚
812 3686 978 3741 XVII
994 3727 1008 3747 ‚
1037 3689 1150 3759 294.
1177 3713 1244 3725 —-
1266 3688 1329 3738 In

286 3787 424 3819 noea
435 3765 873 3835 malalasfhrmas
887 3785 1095 3832 corpora
1115 3784 1210 3834 per
1224 3764 1327 3836 hy-

288 3842 536 3914 pallagen
553 3842 754 3897 dictum
772 3843 959 3896 volunt
973 3883 987 3910 ,
1005 3861 1102 3912 pro
1121 3860 1329 3909 corpora

285 3927 350 3975 1⁶ae
392 3940 550 3974 novas
581 3919 789 3988 formas·
826 3929 1022 3974 mutata
1043 3962 1054 3983 ,
1103 3931 1164 3974 ut
1199 3919 1325 3973 dixit

282 4002 507 4066 Noster,
526 4001 600 4067 ll,
618 4000 780 4056 Trist.
801 4001 913 4055 556.
936 4000 1043 4054 Sed
1061 4020 1171 4054 non
1192 4020 1324 4070 opus

281 4089 398 4145 est,
427 4088 487 4131 ut
510 4079 578 4133 ad
606 4080 919 4154 hypallagen
941 4081 1321 4151 confugiamus.

283 4160 483 4212 Fame
498 4178 645 4212 nunc
665 4170 791 4213 sunt
811 4179 1034 4230 corpora
1055 4159 1162 4229 ipsa
1178 4202 1190 4222 ,
1216 4180 1321 4230 qua

275 4238 309 4291 s
308 4255 518 4290 ormam
542 4236 763 4303 habent,
780 4247 839 4291 ut
856 4239 1015 4304 infra,
1038 4256 1172 4290 vers.
1192 4238 1322 4304 436;

282 4323 372 4381 et,
399 4314 525 4382 XV,
562 4337 653 4385 ¹72
674 4357 689 4385 ,
714 4323 907 4385 species
929 4321 1182 4388 etfigurae.
1209 4317 1325 4372 No·-

1433 2041 1532 2096 luit
1556 2041 1730 2096 dicere
1750 2082 1764 2108 ‚
1808 2060 2029 2111 corpora
2062 2040 2229 2111 prisca
2259 2054 2463 2097 mutata

1434 2142 1543 2176 esse
1568 2120 1625 2173 in
1652 2140 1789 2174 nova
1809 2159 1824 2187 ‚
1862 2131 1953 2174 aut
1975 2122 2204 2174 sormam
2228 2121 2463 2192 priorem

1433 2198 1491 2251 in
1510 2198 1666 2251 aliam
1684 2238 1699 2266 ‚
1718 2197 1811 2253 sed
1827 2198 1999 2268 posuit
2012 2199 2170 2252 verba
2186 2198 2293 2252 duo
2312 2239 2326 2265 ,
2346 2218 2463 2269 quae

1432 2275 1626 2330 eodem
1661 2276 1903 2329 redeunt.
1938 2276 2009 2330 Et
2043 2276 2228 2330 maluit
2264 2278 2462 2331 formas

1428 2359 1485 2407 ia
1507 2374 1718 2422 corpora
1740 2361 1966 2408 mutatas
1980 2396 1994 2418 ‚
2024 2374 2182 2424 quam
2205 2354 2429 2409 alterum
2445 2396 2461 2424 ,

1430 2432 1626 2503 partim
1653 2432 1773 2503 quia
1799 2431 1927 2486 illud
1953 2432 2254 2503 exquisitius
2273 2444 2327 2487 et
2343 2453 2461 2487 ma-

1432 2507 1507 2579 gis
1533 2510 1802 2579 poeticum
1823 2550 1837 2577 ,
1868 2510 2062 2580 partim
2087 2511 2209 2581 quia
2237 2511 2461 2565 mutatio

1429 2588 1600 2641 forma
1621 2589 1953 2659 potissimum
1969 2588 2030 2642 fit
2045 2591 2339 2661 conspicua.
2361 2592 2462 2646 Ita-

1430 2685 1533 2736 que
1558 2676 1614 2720 et
1634 2667 1754 2720 alibi
1777 2678 2040 2721 memorat
2060 2708 2074 2734 ‚
2105 2669 2350 2723 cecinisse
2368 2689 2424 2723 se
2442 2710 2459 2735 ‚

1428 2751 1656 2797 mutatas
1661 2743 1890 2813 she-mas,
1916 2756 1977 2799 ut
1995 2745 2049 2812 I,
2076 2746 2238 2800 Trist.
2253 2763 2274 2799 1
2289 2785 2306 2812 ‚
2334 2768 2355 2799 1
2369 2768 2423 2818 ¹7
2441 2788 2457 2815 ,

1428 2832 1481 2875 et
1506 2840 1588 2876 vn
1608 2863 1624 2891 ,
1659 2823 1735 2876 13.
1759 2824 1946 2894 Neque
1962 2824 2100 2881 male
2120 2824 2193 2878 sic
2208 2822 2459 2879 Graecum

1425 2904 1806 2978 μεταμορφώσεις
1817 2903 1963 2972 quasi
1979 2901 2356 2972 interpretatus
2364 2914 2460 2957 est.

1426 2979 1599 3033 Nimis
1614 2990 1832 3049 anguste
1845 2980 2031 3033 Burm.
2047 3001 2209 3051 quem
2219 2981 2460 3052 sequitur

1428 3058 1764 3114 Schirachius
1783 3099 1798 3126 ,
1825 3058 1891 3113 de
1909 3061 2031 3114 solis
2050 3060 2354 3115 hominibus
2369 3082 2460 3116 ac·-

1426 3137 1552 3206 cipit
1566 3160 1579 3201 ;
1603 3136 1786 3192 insunt
1800 3138 1947 3192 enim
1964 3149 2018 3192 et
2035 3140 2257 3193 aliarum
2271 3159 2454 3194 rerum

1428 3216 1901 3288 metamorphoses.
1918 3219 1963 3272 Ii
1980 3239 2107 3273 vero
2124 3230 2456 3291 argutantur,

1428 3298 1516 3368 qui
1536 3308 1749 3366 poetam
1767 3298 2009 3354 consulto
2024 3320 2242 3355 carmen
2261 3299 2327 3353 de
2347 3318 2463 3355 cor·

1428 3396 1622 3446 porum
1644 3379 2108 3432 transformatione
2128 3399 2157 3432 a
2171 3378 2458 3432 verborum

1424 3456 1818 3526 permutatione
1841 3476 2083 3511 exorsum
2104 3477 2215 3510 esse
2239 3467 2455 3510 conten-

1427 3531 1579 3584 dunt.

1495 3630 1537 3660 α.
1575 3611 1661 3662 Di
1685 3617 1865 3679 caeplis
1898 3621 1994 3664 etc.
2038 3608 2268 3665 Causam
2300 3610 2453 3665 affert

1426 3687 1696 3757 propriam
1716 3729 1731 3753 ,
1759 3706 1921 3759 quare
1945 3689 2042 3743 sibi
2063 3709 2177 3742 non
2204 3709 2373 3743 unum
2400 3701 2456 3743 et

1425 3765 1651 3819 alterum
1680 3766 1858 3821 Deum
1881 3806 1896 3834 ‚
1941 3787 2053 3821 non
2091 3768 2305 3822 Musam
2346 3768 2453 3821 ali-

1426 3863 1585 3914 quam
1609 3885 1626 3913 ,
1652 3844 1744 3899 sed
1770 3846 1994 3899 omnino
2019 3844 2164 3900 Deos
2187 3846 2452 3916 adspirare

1423 3923 1577 3987 velit3
1617 3935 1856 3979 auctores
1881 3926 2028 3978 enim
2054 3945 2238 3978 rerum
2265 3925 2451 3978 dicen—

1423 3999 1613 4054 darum
1637 4003 1855 4056 suerunt
1875 4023 1888 4057 z
1912 4024 2031 4056 nam
2057 4023 2151 4056 vos
2174 4012 2271 4057 etc.
2300 4001 2453 4055 Diffi,

1420 4082 1585 4137 cultas
1606 4101 1766 4151 quam
1785 4094 1962 4136 movet
1982 4081 2160 4136 multis
2176 4086 2227 4137 τὶ
2247 4089 2302 4134 el
2316 4124 2330 4145 ,
2360 4084 2451 4136 sa—

1420 4160 1503 4215 cili
1522 4200 1536 4227 ,
1554 4160 1747 4231 opinor
1763 4201 1778 4226 ,
1796 4161 1996 4214 tollitur
2011 4160 2226 4233 negotio
2239 4202 2254 4229 ,
2276 4161 2316 4215 si
2336 4182 2452 4215 sen·

1422 4240 1647 4292 tentiam
1669 4239 1725 4292 in
1751 4238 1893 4293 hunc
1907 4239 2133 4294 modum
2157 4240 2449 4310 concipias:

1420 4318 1492 4371 Di
1510 4358 1525 4385 ,
1541 4328 1777 4372 vestrum
1795 4329 1872 4374 est
1890 4336 1976 4374 me
1996 4319 2266 4390 adjuvare,
2289 4339 2455 4390 quan·
