<?xml version="1.0" encoding="UTF-8"?>
<!DOCTYPE html PUBLIC "-//W3C//DTD XHTML 1.0 Transitional//EN"
    "http://www.w3.org/TR/xhtml1/DTD/xhtml1-transitional.dtd">
<html xmlns="http://www.w3.org/1999/xhtml" xml:lang="en" lang="en">
 <head>
  <title>
</title>
<meta http-equiv="Content-Type" content="text/html;charset=utf-8" />
  <meta name='ocr-system' content='tesseract 3.04.00' />
  <meta name='ocr-capabilities' content='ocr_page ocr_carea ocr_par ocr_line ocrx_word'/>
</head>
<body>
  <div class='ocr_page' id='page_1' title='image "./publiusovidiusn01giergoog_0082.png"; bbox 0 0 3217 5134; ppageno 0'>
   <div class='ocr_carea' id='block_1_1' title="bbox 768 570 2336 651">
    <p class='ocr_par' dir='ltr' id='par_1_1' title="bbox 768 570 2336 651">
     <span class='ocr_line' id='line_1_1' title="bbox 768 570 2336 651; baseline -0.009 0"><span class='ocrx_word' id='word_1_1' title='bbox 768 581 851 651; x_wconf 73' lang='lat'>52</span> <span class='ocrx_word' id='word_1_2' title='bbox 1331 577 1409 642; x_wconf 89' lang='lat' dir='ltr'>P.</span> <span class='ocrx_word' id='word_1_3' title='bbox 1465 575 1819 644; x_wconf 89' lang='lat' dir='ltr'>OVIDII</span> <span class='ocrx_word' id='word_1_4' title='bbox 1869 570 2336 639; x_wconf 86' lang='lat' dir='ltr'><strong>NASONIS</strong></span> 
     </span>
    </p>
   </div>
   <div class='ocr_carea' id='block_1_2' title="bbox 758 710 2902 2004">
    <p class='ocr_par' dir='ltr' id='par_1_2' title="bbox 765 710 2631 822">
     <span class='ocr_line' id='line_1_2' title="bbox 765 710 2631 822; baseline -0.008 -22"><span class='ocrx_word' id='word_1_5' title='bbox 765 727 1069 822; x_wconf 82' lang='lat' dir='ltr'>Quarum</span> <span class='ocrx_word' id='word_1_6' title='bbox 1104 747 1249 822; x_wconf 78' lang='lat' dir='ltr'>quae</span> <span class='ocrx_word' id='word_1_7' title='bbox 1283 717 1499 792; x_wconf 87' lang='lat' dir='ltr'>media</span> <span class='ocrx_word' id='word_1_8' title='bbox 1530 733 1667 800; x_wconf 87' lang='lat' dir='ltr'>est,</span> <span class='ocrx_word' id='word_1_9' title='bbox 1700 743 1841 787; x_wconf 90' lang='lat' dir='ltr'>non</span> <span class='ocrx_word' id='word_1_10' title='bbox 1869 731 1973 788; x_wconf 86' lang='lat' dir='ltr'>est</span> <span class='ocrx_word' id='word_1_11' title='bbox 1998 710 2388 787; x_wconf 86' lang='lat' dir='ltr'>habitabilis</span> <span class='ocrx_word' id='word_1_12' title='bbox 2422 728 2583 785; x_wconf 81' lang='lat' dir='ltr'>aestu</span> <span class='ocrx_word' id='word_1_13' title='bbox 2613 740 2631 785; x_wconf 73' lang='grc' dir='ltr'><strong><em>ε</em></strong></span> 
     </span>
    </p>

    <p class='ocr_par' dir='ltr' id='par_1_3' title="bbox 760 826 2897 1172">
     <span class='ocr_line' id='line_1_3' title="bbox 760 826 2897 937; baseline -0.009 -20"><span class='ocrx_word' id='word_1_14' title='bbox 760 844 896 917; x_wconf 77' lang='lat' dir='ltr'>Nix</span> <span class='ocrx_word' id='word_1_15' title='bbox 930 841 1095 937; x_wconf 79' lang='lat' dir='ltr'>tegit</span> <span class='ocrx_word' id='word_1_16' title='bbox 1125 837 1256 914; x_wconf 84' lang='lat' dir='ltr'>alta</span> <span class='ocrx_word' id='word_1_17' title='bbox 1287 836 1493 923; x_wconf 85' lang='lat' dir='ltr'>duas·‚</span> <span class='ocrx_word' id='word_1_18' title='bbox 1527 831 1805 908; x_wconf 81' lang='lat' dir='ltr'>totidem</span> <span class='ocrx_word' id='word_1_19' title='bbox 1835 831 2010 905; x_wconf 87' lang='lat' dir='ltr'>inter</span> <span class='ocrx_word' id='word_1_20' title='bbox 2039 847 2388 930; x_wconf 83' lang='lat' dir='ltr'>utramque</span> <span class='ocrx_word' id='word_1_21' title='bbox 2417 826 2663 903; x_wconf 87' lang='lat' dir='ltr'>locavit</span> <span class='ocrx_word' id='word_1_22' title='bbox 2683 883 2703 916; x_wconf 88' lang='lat'><strong>‚</strong></span> <span class='ocrx_word' id='word_1_23' title='bbox 2833 848 2897 900; x_wconf 70' lang='lat'>50</span> 
     </span>
     <span class='ocr_line' id='line_1_4' title="bbox 760 945 2578 1059; baseline -0.009 -24"><span class='ocrx_word' id='word_1_24' title='bbox 760 958 1308 1059; x_wconf 88' lang='lat' dir='ltr'>Temperiemque</span> <span class='ocrx_word' id='word_1_25' title='bbox 1343 951 1564 1040; x_wconf 85' lang='lat' dir='ltr'><strong>dedit,</strong></span> <span class='ocrx_word' id='word_1_26' title='bbox 1603 948 1812 1024; x_wconf 83' lang='lat' dir='ltr'>mixta</span> <span class='ocrx_word' id='word_1_27' title='bbox 1839 976 1992 1022; x_wconf 88' lang='lat' dir='ltr'>cum</span> <span class='ocrx_word' id='word_1_28' title='bbox 2023 946 2268 1043; x_wconf 82' lang='lat' dir='ltr'>frigore</span> <span class='ocrx_word' id='word_1_29' title='bbox 2299 945 2578 1020; x_wconf 84' lang='lat' dir='ltr'>flamma.</span> 
     </span>
     <span class='ocr_line' id='line_1_5' title="bbox 760 1063 2532 1172; baseline -0.012 -16"><span class='ocrx_word' id='word_1_30' title='bbox 760 1079 1072 1155; x_wconf 82' lang='lat' dir='ltr'><strong>Imminet</strong></span> <span class='ocrx_word' id='word_1_31' title='bbox 1097 1074 1206 1149; x_wconf 87' lang='lat' dir='ltr'>his</span> <span class='ocrx_word' id='word_1_32' title='bbox 1238 1091 1384 1160; x_wconf 61' lang='lat' dir='ltr'>aer,</span> <span class='ocrx_word' id='word_1_33' title='bbox 1420 1069 1569 1172; x_wconf 88' lang='lat' dir='ltr'>qui,</span> <span class='ocrx_word' id='word_1_34' title='bbox 1604 1083 1857 1169; x_wconf 84' lang='lat' dir='ltr'>quanto</span> <span class='ocrx_word' id='word_1_35' title='bbox 1894 1082 1996 1139; x_wconf 83' lang='lat' dir='ltr'>est</span> <span class='ocrx_word' id='word_1_36' title='bbox 2023 1063 2318 1165; x_wconf 86' lang='lat' dir='ltr'>pondere</span> <span class='ocrx_word' id='word_1_37' title='bbox 2347 1080 2532 1136; x_wconf 82' lang='lat' dir='ltr'>terrae</span> 
     </span>
    </p>

    <p class='ocr_par' dir='ltr' id='par_1_4' title="bbox 761 1176 2457 1291">
     <span class='ocr_line' id='line_1_6' title="bbox 761 1176 2457 1291; baseline -0.013 -21"><span class='ocrx_word' id='word_1_38' title='bbox 761 1194 1035 1270; x_wconf 89' lang='lat' dir='ltr'>Pondus</span> <span class='ocrx_word' id='word_1_39' title='bbox 1070 1216 1255 1291; x_wconf 81' lang='lat' dir='ltr'>aquae</span> <span class='ocrx_word' id='word_1_40' title='bbox 1286 1186 1531 1272; x_wconf 85' lang='lat' dir='ltr'>levius,</span> <span class='ocrx_word' id='word_1_41' title='bbox 1565 1201 1755 1257; x_wconf 83' lang='lat' dir='ltr'>tanto</span> <span class='ocrx_word' id='word_1_42' title='bbox 1787 1198 1891 1255; x_wconf 86' lang='lat' dir='ltr'>est</span> <span class='ocrx_word' id='word_1_43' title='bbox 1924 1178 2268 1254; x_wconf 79' lang='lat' dir='ltr'>onerosior</span> <span class='ocrx_word' id='word_1_44' title='bbox 2298 1176 2457 1273; x_wconf 82' lang='lat' dir='ltr'><strong>igni.</strong></span> 
     </span>
    </p>

    <p class='ocr_par' dir='ltr' id='par_1_5' title="bbox 760 1295 2247 1392">
     <span class='ocr_line' id='line_1_7' title="bbox 760 1295 2247 1392; baseline -0.013 -5"><span class='ocrx_word' id='word_1_45' title='bbox 760 1310 908 1387; x_wconf 90' lang='lat' dir='ltr'>Illic</span> <span class='ocrx_word' id='word_1_46' title='bbox 942 1328 1011 1385; x_wconf 86' lang='lat' dir='ltr'>et</span> <span class='ocrx_word' id='word_1_47' title='bbox 1040 1303 1356 1392; x_wconf 80' lang='lat' dir='ltr'><strong>nebulas,</strong></span> <span class='ocrx_word' id='word_1_48' title='bbox 1392 1301 1528 1375; x_wconf 88' lang='lat' dir='ltr'>illic</span> <span class='ocrx_word' id='word_1_49' title='bbox 1564 1298 1926 1374; x_wconf 83' lang='lat' dir='ltr'>consistere</span> <span class='ocrx_word' id='word_1_50' title='bbox 1959 1295 2176 1370; x_wconf 90' lang='lat' dir='ltr'>nubes</span> <span class='ocrx_word' id='word_1_51' title='bbox 2239 1328 2247 1335; x_wconf 88' lang='lat'><strong>·</strong></span> 
     </span>
    </p>

    <p class='ocr_par' dir='ltr' id='par_1_6' title="bbox 758 1413 2902 1626">
     <span class='ocr_line' id='line_1_8' title="bbox 759 1413 2902 1514; baseline -0.01 -11"><span class='ocrx_word' id='word_1_52' title='bbox 759 1426 1008 1514; x_wconf 83' lang='lat' dir='ltr'>Jussit‚</span> <span class='ocrx_word' id='word_1_53' title='bbox 1047 1442 1114 1499; x_wconf 85' lang='lat' dir='ltr'>et</span> <span class='ocrx_word' id='word_1_54' title='bbox 1144 1423 1466 1495; x_wconf 88' lang='lat' dir='ltr'>humanas</span> <span class='ocrx_word' id='word_1_55' title='bbox 1500 1433 1762 1491; x_wconf 90' lang='lat' dir='ltr'>motura</span> <span class='ocrx_word' id='word_1_56' title='bbox 1789 1413 2088 1489; x_wconf 85' lang='lat' dir='ltr'>tonitrua</span> <span class='ocrx_word' id='word_1_57' title='bbox 2119 1429 2411 1499; x_wconf 64' lang='lat' dir='ltr'>mentm,</span> <span class='ocrx_word' id='word_1_58' title='bbox 2836 1430 2902 1482; x_wconf 79' lang='lat'>5⁵</span> 
     </span>
     <span class='ocr_line' id='line_1_9' title="bbox 758 1529 2366 1626; baseline -0.013 -6"><span class='ocrx_word' id='word_1_59' title='bbox 758 1549 855 1621; x_wconf 86' lang='lat' dir='ltr'>Et</span> <span class='ocrx_word' id='word_1_60' title='bbox 885 1572 1036 1619; x_wconf 89' lang='lat' dir='ltr'>cum</span> <span class='ocrx_word' id='word_1_61' title='bbox 1060 1537 1456 1616; x_wconf 85' lang='lat' dir='ltr'>fulminibus</span> <span class='ocrx_word' id='word_1_62' title='bbox 1486 1533 1801 1608; x_wconf 80' lang='lat' dir='ltr'>facientes</span> <span class='ocrx_word' id='word_1_63' title='bbox 1828 1529 2080 1626; x_wconf 83' lang='lat' dir='ltr'>frigora</span> <span class='ocrx_word' id='word_1_64' title='bbox 2109 1545 2366 1602; x_wconf 82' lang='lat' dir='ltr'>ventos.</span> 
     </span>
    </p>

    <p class='ocr_par' dir='ltr' id='par_1_7' title="bbox 762 1620 2724 1883">
     <span class='ocr_line' id='line_1_10' title="bbox 762 1620 2724 1761; baseline -0.01 -26"><span class='ocrx_word' id='word_1_65' title='bbox 762 1661 890 1736; x_wconf 88' lang='lat' dir='ltr'>His</span> <span class='ocrx_word' id='word_1_66' title='bbox 929 1686 1198 1761; x_wconf 85' lang='lat' dir='ltr'>quoque</span> <span class='ocrx_word' id='word_1_67' title='bbox 1233 1683 1374 1729; x_wconf 93' lang='lat' dir='ltr'>non</span> <span class='ocrx_word' id='word_1_68' title='bbox 1401 1650 1650 1754; x_wconf 88' lang='lat' dir='ltr'>passim</span> <span class='ocrx_word' id='word_1_69' title='bbox 1683 1645 1917 1723; x_wconf 89' lang='lat' dir='ltr'>mundi</span> <span class='ocrx_word' id='word_1_70' title='bbox 1948 1645 2333 1719; x_wconf 80' lang='lat' dir='ltr'>fabricator</span> <span class='ocrx_word' id='word_1_71' title='bbox 2342 1620 2724 1717; x_wconf 82' lang='lat' dir='ltr'>habendum</span> 
     </span>
     <span class='ocr_line' id='line_1_11' title="bbox 763 1765 2262 1883; baseline -0.014 -24"><span class='ocrx_word' id='word_1_72' title='bbox 763 1786 939 1859; x_wconf 88' lang='lat' dir='ltr'>Aera</span> <span class='ocrx_word' id='word_1_73' title='bbox 971 1778 1316 1883; x_wconf 85' lang='lat' dir='ltr'>permisit.</span> <span class='ocrx_word' id='word_1_74' title='bbox 1346 1775 1454 1848; x_wconf 82' lang='lat' dir='ltr'>vix</span> <span class='ocrx_word' id='word_1_75' title='bbox 1486 1800 1664 1847; x_wconf 91' lang='lat' dir='ltr'>nunc</span> <span class='ocrx_word' id='word_1_76' title='bbox 1702 1769 2058 1845; x_wconf 84' lang='lat' dir='ltr'>obsistitur</span> <span class='ocrx_word' id='word_1_77' title='bbox 2089 1765 2223 1840; x_wconf 91' lang='lat' dir='ltr'>illis</span> <span class='ocrx_word' id='word_1_78' title='bbox 2243 1822 2262 1854; x_wconf 89' lang='lat'><strong>‚</strong></span> 
     </span>
    </p>

    <p class='ocr_par' dir='ltr' id='par_1_8' title="bbox 764 1887 2598 2004">
     <span class='ocr_line' id='line_1_12' title="bbox 764 1887 2598 2004; baseline -0.012 -23"><span class='ocrx_word' id='word_1_79' title='bbox 764 1908 997 2004; x_wconf 79' lang='lat' dir='ltr'>Quum</span> <span class='ocrx_word' id='word_1_80' title='bbox 1027 1931 1145 1977; x_wconf 89' lang='lat' dir='ltr'>sua</span> <span class='ocrx_word' id='word_1_81' title='bbox 1176 1899 1459 2002; x_wconf 91' lang='lat' dir='ltr'>quisque</span> <span class='ocrx_word' id='word_1_82' title='bbox 1493 1911 1730 1991; x_wconf 84' lang='lat' dir='ltr'>regant</span> <span class='ocrx_word' id='word_1_83' title='bbox 1762 1887 2021 1967; x_wconf 76' lang='lat' dir='ltr'>diverso</span> <span class='ocrx_word' id='word_1_84' title='bbox 2050 1890 2317 1964; x_wconf 82' lang='lat' dir='ltr'>flamina</span> <span class='ocrx_word' id='word_1_85' title='bbox 2347 1904 2558 1961; x_wconf 86' lang='lat' dir='ltr'>tractu</span> <span class='ocrx_word' id='word_1_86' title='bbox 2579 1942 2598 1974; x_wconf 89' lang='lat'><strong>‚</strong></span> 
     </span>
    </p>
   </div>
   <div class='ocr_carea' id='block_1_3' title="bbox 764 2009 2905 2127">
    <p class='ocr_par' dir='ltr' id='par_1_9' title="bbox 764 2009 2905 2127">
     <span class='ocr_line' id='line_1_13' title="bbox 764 2009 2905 2127; baseline -0.012 -23"><span class='ocrx_word' id='word_1_87' title='bbox 764 2028 951 2127; x_wconf 79' lang='lat' dir='ltr'>Quin</span> <span class='ocrx_word' id='word_1_88' title='bbox 984 2024 1238 2101; x_wconf 83' lang='lat' dir='ltr'>lanient</span> <span class='ocrx_word' id='word_1_89' title='bbox 1266 2020 1631 2106; x_wconf 86' lang='lat' dir='ltr'>mundum;</span> <span class='ocrx_word' id='word_1_90' title='bbox 1666 2033 1852 2091; x_wconf 85' lang='lat' dir='ltr'>tanta</span> <span class='ocrx_word' id='word_1_91' title='bbox 1885 2033 1987 2091; x_wconf 88' lang='lat' dir='ltr'>est</span> <span class='ocrx_word' id='word_1_92' title='bbox 2018 2011 2353 2088; x_wconf 83' lang='lat' dir='ltr'>discordia</span> <span class='ocrx_word' id='word_1_93' title='bbox 2384 2009 2705 2084; x_wconf 83' lang='lat' dir='ltr'>fratrum!</span> <span class='ocrx_word' id='word_1_94' title='bbox 2835 2031 2905 2083; x_wconf 84' lang='lat'>60</span> 
     </span>
    </p>
   </div>
   <div class='ocr_carea' id='block_1_4' title="bbox 765 2232 1804 4417">
    <p class='ocr_par' dir='ltr' id='par_1_10' title="bbox 765 2232 1787 2528">
     <span class='ocr_line' id='line_1_14' title="bbox 765 2232 1785 2304; baseline -0.017 -9"><span class='ocrx_word' id='word_1_95' title='bbox 765 2240 1036 2294; x_wconf 77' lang='lat' dir='ltr'>sonantius</span> <span class='ocrx_word' id='word_1_96' title='bbox 1054 2246 1108 2290; x_wconf 88' lang='lat' dir='ltr'>et</span> <span class='ocrx_word' id='word_1_97' title='bbox 1122 2232 1422 2304; x_wconf 79' lang='lat' dir='ltr'>exquisitius</span> <span class='ocrx_word' id='word_1_98' title='bbox 1435 2270 1450 2298; x_wconf 87' lang='lat'><strong>,</strong></span> <span class='ocrx_word' id='word_1_99' title='bbox 1465 2246 1625 2299; x_wconf 79' lang='lat' dir='ltr'>quam</span> <span class='ocrx_word' id='word_1_100' title='bbox 1637 2233 1785 2292; x_wconf 51' lang='lat' dir='ltr'>sunu·</span> 
     </span>
     <span class='ocr_line' id='line_1_15' title="bbox 765 2310 1787 2387; baseline -0.018 -13"><span class='ocrx_word' id='word_1_101' title='bbox 765 2338 893 2375; x_wconf 82' lang='lat' dir='ltr'>nam</span> <span class='ocrx_word' id='word_1_102' title='bbox 905 2320 1073 2387; x_wconf 76' lang='lat' dir='ltr'>premi</span> <span class='ocrx_word' id='word_1_103' title='bbox 1088 2314 1355 2383; x_wconf 72' lang='lat' dir='ltr'>eleganter</span> <span class='ocrx_word' id='word_1_104' title='bbox 1374 2310 1650 2371; x_wconf 85' lang='lat' dir='ltr'>dicuntur,</span> <span class='ocrx_word' id='word_1_105' title='bbox 1667 2321 1787 2373; x_wconf 63' lang='lat' dir='ltr'>qua</span> 
     </span>
     <span class='ocr_line' id='line_1_16' title="bbox 768 2382 1785 2457; baseline -0.018 -6"><span class='ocrx_word' id='word_1_106' title='bbox 768 2396 961 2451; x_wconf 84' lang='lat' dir='ltr'>finibus</span> <span class='ocrx_word' id='word_1_107' title='bbox 993 2392 1193 2449; x_wconf 81' lang='lat' dir='ltr'>inclusa</span> <span class='ocrx_word' id='word_1_108' title='bbox 1214 2399 1354 2442; x_wconf 86' lang='lat' dir='ltr'>sunt.</span> <span class='ocrx_word' id='word_1_109' title='bbox 1380 2385 1565 2455; x_wconf 78' lang='lat' dir='ltr'>virgil.</span> <span class='ocrx_word' id='word_1_110' title='bbox 1589 2382 1785 2457; x_wconf 74' lang='lat' dir='ltr'>Georg.</span> 
     </span>
     <span class='ocr_line' id='line_1_17' title="bbox 771 2468 1456 2541; baseline -0.019 -13"><span class='ocrx_word' id='word_1_111' title='bbox 771 2475 831 2541; x_wconf 97' lang='grc' dir='ltr'><strong>Ι,</strong></span> <span class='ocrx_word' id='word_1_112' title='bbox 859 2474 987 2526; x_wconf 81' lang='lat'><strong>235:</strong></span> <span class='ocrx_word' id='word_1_113' title='bbox 1013 2487 1159 2523; x_wconf 69' lang='lat' dir='ltr'>zonoe</span> <span class='ocrx_word' id='word_1_114' title='bbox 1179 2468 1456 2520; x_wconf 77' lang='lat' dir='ltr'>trahuntur.</span> 
     </span>
    </p>

    <p class='ocr_par' dir='ltr' id='par_1_11' title="bbox 765 2539 1789 3085">
     <span class='ocr_line' id='line_1_18' title="bbox 832 2539 1786 2624; baseline -0.017 -19"><span class='ocrx_word' id='word_1_115' title='bbox 832 2554 913 2624; x_wconf 77' lang='lat'>49.</span> <span class='ocrx_word' id='word_1_116' title='bbox 933 2551 1048 2603; x_wconf 72' lang='lat' dir='ltr'>Non</span> <span class='ocrx_word' id='word_1_117' title='bbox 1062 2551 1144 2600; x_wconf 77' lang='lat' dir='ltr'>est</span> <span class='ocrx_word' id='word_1_118' title='bbox 1154 2545 1450 2596; x_wconf 68' lang='lat' dir='ltr'>habitabam</span> <span class='ocrx_word' id='word_1_119' title='bbox 1467 2550 1565 2592; x_wconf 90' lang='lat' dir='ltr'>etc.</span> <span class='ocrx_word' id='word_1_120' title='bbox 1574 2539 1786 2607; x_wconf 83' lang='lat' dir='ltr'>Nempe</span> 
     </span>
     <span class='ocr_line' id='line_1_19' title="bbox 769 2617 1787 2697; baseline -0.013 -13"><span class='ocrx_word' id='word_1_121' title='bbox 769 2649 832 2684; x_wconf 84' lang='lat' dir='ltr'>ex</span> <span class='ocrx_word' id='word_1_122' title='bbox 861 2627 1113 2697; x_wconf 87' lang='lat' dir='ltr'>opinione</span> <span class='ocrx_word' id='word_1_123' title='bbox 1156 2625 1460 2686; x_wconf 85' lang='lat' dir='ltr'>Veterum,</span> <span class='ocrx_word' id='word_1_124' title='bbox 1508 2617 1596 2686; x_wconf 89' lang='lat' dir='ltr'>qui</span> <span class='ocrx_word' id='word_1_125' title='bbox 1632 2634 1787 2671; x_wconf 79' lang='lat' dir='ltr'>zonas</span> 
     </span>
     <span class='ocr_line' id='line_1_20' title="bbox 765 2694 1789 2778; baseline -0.015 -17"><span class='ocrx_word' id='word_1_126' title='bbox 765 2708 886 2778; x_wconf 63' lang='lat' dir='ltr'>frigi</span> <span class='ocrx_word' id='word_1_127' title='bbox 870 2705 979 2759; x_wconf 84' lang='lat' dir='ltr'>das</span> <span class='ocrx_word' id='word_1_128' title='bbox 1007 2722 1120 2756; x_wconf 92' lang='lat' dir='ltr'>non</span> <span class='ocrx_word' id='word_1_129' title='bbox 1157 2700 1376 2766; x_wconf 87' lang='lat' dir='ltr'>minus,</span> <span class='ocrx_word' id='word_1_130' title='bbox 1418 2715 1581 2767; x_wconf 87' lang='lat' dir='ltr'>quam</span> <span class='ocrx_word' id='word_1_131' title='bbox 1617 2694 1789 2748; x_wconf 86' lang='lat' dir='ltr'>torri-</span> 
     </span>
     <span class='ocr_line' id='line_1_21' title="bbox 769 2773 1788 2854; baseline -0.013 -15"><span class='ocrx_word' id='word_1_132' title='bbox 769 2785 927 2854; x_wconf 85' lang='lat' dir='ltr'>dam,</span> <span class='ocrx_word' id='word_1_133' title='bbox 954 2780 1136 2837; x_wconf 82' lang='lat' dir='ltr'>incolis</span> <span class='ocrx_word' id='word_1_134' title='bbox 1160 2779 1312 2833; x_wconf 82' lang='lat' dir='ltr'>orbas</span> <span class='ocrx_word' id='word_1_135' title='bbox 1339 2776 1631 2846; x_wconf 82' lang='lat' dir='ltr'>putabant:</span> <span class='ocrx_word' id='word_1_136' title='bbox 1667 2773 1788 2827; x_wconf 76' lang='lat' dir='ltr'>vide</span> 
     </span>
     <span class='ocr_line' id='line_1_22' title="bbox 770 2852 1790 2927; baseline -0.015 -6"><span class='ocrx_word' id='word_1_137' title='bbox 770 2867 981 2921; x_wconf 86' lang='lat' dir='ltr'>Lucret.</span> <span class='ocrx_word' id='word_1_138' title='bbox 1004 2863 1089 2927; x_wconf 83' lang='lat' dir='ltr'>V,</span> <span class='ocrx_word' id='word_1_139' title='bbox 1131 2864 1258 2923; x_wconf 78' lang='lat'>2053</span> <span class='ocrx_word' id='word_1_140' title='bbox 1289 2855 1475 2926; x_wconf 82' lang='lat' dir='ltr'>Virgil.</span> <span class='ocrx_word' id='word_1_141' title='bbox 1498 2852 1691 2925; x_wconf 76' lang='lat' dir='ltr'>Georg.</span> <span class='ocrx_word' id='word_1_142' title='bbox 1729 2853 1790 2920; x_wconf 87' lang='grc' dir='ltr'>Ι,</span> 
     </span>
     <span class='ocr_line' id='line_1_23' title="bbox 772 2900 1788 3016; baseline -0.017 -16"><span class='ocrx_word' id='word_1_143' title='bbox 772 2947 868 3016; x_wconf 78' lang='lat'>²37</span> <span class='ocrx_word' id='word_1_144' title='bbox 888 2965 928 2998; x_wconf 83' lang='lat' dir='ltr'>s.</span> <span class='ocrx_word' id='word_1_145' title='bbox 917 2983 958 3011; x_wconf 93' lang='lat'>.,</span> <span class='ocrx_word' id='word_1_146' title='bbox 978 2952 1031 2996; x_wconf 89' lang='lat' dir='ltr'>et</span> <span class='ocrx_word' id='word_1_147' title='bbox 1055 2900 1224 2993; x_wconf 63' lang='lat' dir='ltr'>lilacr.</span> <span class='ocrx_word' id='word_1_148' title='bbox 1248 2936 1434 2990; x_wconf 87' lang='lat' dir='ltr'>Somn.</span> <span class='ocrx_word' id='word_1_149' title='bbox 1452 2933 1589 3002; x_wconf 87' lang='lat' dir='ltr'>Scip.</span> <span class='ocrx_word' id='word_1_150' title='bbox 1607 2932 1693 2997; x_wconf 90' lang='lat'>11,</span> <span class='ocrx_word' id='word_1_151' title='bbox 1723 2935 1788 3000; x_wconf 86' lang='grc'>5,</span> 
     </span>
     <span class='ocr_line' id='line_1_24' title="bbox 771 3014 1578 3085; baseline -0.016 -8"><span class='ocrx_word' id='word_1_152' title='bbox 771 3023 875 3077; x_wconf 85' lang='lat' dir='ltr'>late</span> <span class='ocrx_word' id='word_1_153' title='bbox 901 3021 967 3073; x_wconf 86' lang='lat' dir='ltr'>de</span> <span class='ocrx_word' id='word_1_154' title='bbox 991 3019 1092 3072; x_wconf 85' lang='lat' dir='ltr'>hac</span> <span class='ocrx_word' id='word_1_155' title='bbox 1123 3037 1181 3070; x_wconf 90' lang='lat' dir='ltr'>re</span> <span class='ocrx_word' id='word_1_156' title='bbox 1205 3014 1578 3085; x_wconf 81' lang='lat' dir='ltr'>disputantem.</span> 
     </span>
    </p>

    <p class='ocr_par' dir='ltr' id='par_1_12' title="bbox 770 3091 1796 3560">
     <span class='ocr_line' id='line_1_25' title="bbox 840 3091 1789 3164; baseline -0.014 -11.958"><span class='ocrx_word' id='word_1_157' title='bbox 840 3104 921 3152; x_wconf 86' lang='lat'>50.</span> <span class='ocrx_word' id='word_1_158' title='bbox 941 3091 1789 3164; x_wconf 71' lang='lat' dir='ltr'>Utramque.Revocav1ulramque</span> 
     </span>
     <span class='ocr_line' id='line_1_26' title="bbox 775 3166 1796 3249; baseline -0.012 -18"><span class='ocrx_word' id='word_1_159' title='bbox 775 3178 897 3249; x_wconf 83' lang='lat' dir='ltr'>quia</span> <span class='ocrx_word' id='word_1_160' title='bbox 922 3183 1180 3242; x_wconf 77' lang='lat' dir='ltr'>uirumque</span> <span class='ocrx_word' id='word_1_161' title='bbox 1203 3191 1316 3225; x_wconf 90' lang='lat' dir='ltr'>non</span> <span class='ocrx_word' id='word_1_162' title='bbox 1343 3170 1444 3223; x_wconf 87' lang='lat' dir='ltr'>nisi</span> <span class='ocrx_word' id='word_1_163' title='bbox 1474 3168 1584 3221; x_wconf 88' lang='lat' dir='ltr'>duo</span> <span class='ocrx_word' id='word_1_164' title='bbox 1609 3166 1796 3221; x_wconf 88' lang='lat' dir='ltr'>Leidd.</span> 
     </span>
     <span class='ocr_line' id='line_1_27' title="bbox 773 3242 1791 3318; baseline -0.01 -9"><span class='ocrx_word' id='word_1_165' title='bbox 773 3255 971 3309; x_wconf 85' lang='lat' dir='ltr'>habent</span> <span class='ocrx_word' id='word_1_166' title='bbox 984 3291 1000 3318; x_wconf 86' lang='lat'>,</span> <span class='ocrx_word' id='word_1_167' title='bbox 1018 3261 1072 3304; x_wconf 88' lang='lat' dir='ltr'>et</span> <span class='ocrx_word' id='word_1_168' title='bbox 1088 3269 1226 3302; x_wconf 82' lang='lat' dir='ltr'>unus</span> <span class='ocrx_word' id='word_1_169' title='bbox 1242 3267 1338 3317; x_wconf 86' lang='lat' dir='ltr'>pro</span> <span class='ocrx_word' id='word_1_170' title='bbox 1355 3247 1499 3299; x_wconf 73' lang='lat' dir='ltr'>varia</span> <span class='ocrx_word' id='word_1_171' title='bbox 1513 3246 1628 3299; x_wconf 84' lang='lat' dir='ltr'>lect.</span> <span class='ocrx_word' id='word_1_172' title='bbox 1649 3242 1791 3299; x_wconf 74' lang='lat' dir='ltr'>unde</span> 
     </span>
     <span class='ocr_line' id='line_1_28' title="bbox 770 3320 1794 3394; baseline -0.015 -7"><span class='ocrx_word' id='word_1_173' title='bbox 770 3329 1027 3387; x_wconf 79' lang='lat' dir='ltr'>adsumsit</span> <span class='ocrx_word' id='word_1_174' title='bbox 1045 3328 1232 3381; x_wconf 88' lang='lat' dir='ltr'>Burm.</span> <span class='ocrx_word' id='word_1_175' title='bbox 1252 3322 1547 3394; x_wconf 78' lang='lat' dir='ltr'>singularia</span> <span class='ocrx_word' id='word_1_176' title='bbox 1564 3340 1679 3374; x_wconf 89' lang='lat' dir='ltr'>non</span> <span class='ocrx_word' id='word_1_177' title='bbox 1699 3320 1794 3374; x_wconf 84' lang='lat' dir='ltr'>ad·-</span> 
     </span>
     <span class='ocr_line' id='line_1_29' title="bbox 774 3402 1794 3476; baseline -0.013 -8"><span class='ocrx_word' id='word_1_178' title='bbox 774 3410 1034 3467; x_wconf 88' lang='lat' dir='ltr'>mittenda</span> <span class='ocrx_word' id='word_1_179' title='bbox 1052 3419 1206 3476; x_wconf 86' lang='lat' dir='ltr'>sunt,</span> <span class='ocrx_word' id='word_1_180' title='bbox 1228 3405 1330 3461; x_wconf 84' lang='lat' dir='ltr'>nisi</span> <span class='ocrx_word' id='word_1_181' title='bbox 1347 3402 1520 3457; x_wconf 84' lang='lat' dir='ltr'>codd.</span> <span class='ocrx_word' id='word_1_182' title='bbox 1533 3418 1794 3456; x_wconf 83' lang='lat' dir='ltr'>consensu</span> 
     </span>
     <span class='ocr_line' id='line_1_30' title="bbox 774 3492 1108 3560; baseline -0.019 -14"><span class='ocrx_word' id='word_1_183' title='bbox 774 3493 833 3546; x_wconf 87' lang='lat' dir='ltr'>id</span> <span class='ocrx_word' id='word_1_184' title='bbox 854 3492 1108 3560; x_wconf 80' lang='lat' dir='ltr'>exigente.</span> 
     </span>
    </p>

    <p class='ocr_par' dir='ltr' id='par_1_13' title="bbox 842 3558 1761 3634">
     <span class='ocr_line' id='line_1_31' title="bbox 842 3558 1761 3634; baseline -0.014 -8"><span class='ocrx_word' id='word_1_185' title='bbox 842 3574 923 3626; x_wconf 81' lang='lat'>51.</span> <span class='ocrx_word' id='word_1_186' title='bbox 949 3572 1208 3628; x_wconf 69' lang='lat' dir='ltr'>Hammo,</span> <span class='ocrx_word' id='word_1_187' title='bbox 1237 3561 1442 3634; x_wconf 85' lang='lat' dir='ltr'>poetice</span> <span class='ocrx_word' id='word_1_188' title='bbox 1460 3578 1557 3631; x_wconf 84' lang='lat' dir='ltr'>pro</span> <span class='ocrx_word' id='word_1_189' title='bbox 1573 3558 1761 3613; x_wconf 85' lang='lat' dir='ltr'>calore.</span> 
     </span>
    </p>

    <p class='ocr_par' dir='ltr' id='par_1_14' title="bbox 765 3640 1804 4417">
     <span class='ocr_line' id='line_1_32' title="bbox 842 3640 1795 3713; baseline -0.012 -9"><span class='ocrx_word' id='word_1_190' title='bbox 842 3656 920 3705; x_wconf 80' lang='lat'>52.</span> <span class='ocrx_word' id='word_1_191' title='bbox 944 3651 1201 3708; x_wconf 75' lang='lat' dir='ltr'>Imminet,</span> <span class='ocrx_word' id='word_1_192' title='bbox 1248 3640 1678 3713; x_wconf 86' lang='lat' dir='ltr'>superimpositus</span> <span class='ocrx_word' id='word_1_193' title='bbox 1701 3649 1795 3694; x_wconf 85' lang='lat' dir='ltr'>est</span> 
     </span>
     <span class='ocr_line' id='line_1_33' title="bbox 779 3719 1794 3783; baseline -0.011 0"><span class='ocrx_word' id='word_1_194' title='bbox 779 3729 848 3783; x_wconf 90' lang='lat' dir='ltr'>Et</span> <span class='ocrx_word' id='word_1_195' title='bbox 866 3727 1110 3782; x_wconf 84' lang='lat' dir='ltr'>viciniam</span> <span class='ocrx_word' id='word_1_196' title='bbox 1137 3735 1191 3778; x_wconf 88' lang='lat' dir='ltr'>et</span> <span class='ocrx_word' id='word_1_197' title='bbox 1214 3723 1453 3777; x_wconf 82' lang='lat' dir='ltr'>altiorem</span> <span class='ocrx_word' id='word_1_198' title='bbox 1481 3721 1641 3774; x_wconf 85' lang='lat' dir='ltr'>situm</span> <span class='ocrx_word' id='word_1_199' title='bbox 1670 3719 1721 3773; x_wconf 84' lang='lat' dir='ltr'>h.</span> <span class='ocrx_word' id='word_1_200' title='bbox 1745 3737 1794 3774; x_wconf 84' lang='lat' dir='ltr'>v.</span> 
     </span>
     <span class='ocr_line' id='line_1_34' title="bbox 776 3802 1801 3870; baseline -0.01 -9"><span class='ocrx_word' id='word_1_201' title='bbox 776 3805 988 3860; x_wconf 84' lang='lat' dir='ltr'>indicat.</span> <span class='ocrx_word' id='word_1_202' title='bbox 1019 3831 1086 3845; x_wconf 90' lang='lat'>—</span> <span class='ocrx_word' id='word_1_203' title='bbox 1110 3802 1285 3870; x_wconf 79' lang='lat' dir='ltr'>Vulgo</span> <span class='ocrx_word' id='word_1_204' title='bbox 1299 3841 1315 3866; x_wconf 88' lang='grc'><strong>,</strong></span> <span class='ocrx_word' id='word_1_205' title='bbox 1341 3805 1456 3869; x_wconf 78' lang='lat' dir='ltr'>qui,</span> <span class='ocrx_word' id='word_1_206' title='bbox 1495 3806 1686 3868; x_wconf 78' lang='lat' dir='ltr'>quanto</span> <span class='ocrx_word' id='word_1_207' title='bbox 1719 3806 1801 3852; x_wconf 75' lang='lat' dir='ltr'>est</span> 
     </span>
     <span class='ocr_line' id='line_1_35' title="bbox 765 3879 1796 3951; baseline -0.012 -12"><span class='ocrx_word' id='word_1_208' title='bbox 765 3887 986 3951; x_wconf 78' lang='lat' dir='ltr'>pondere</span> <span class='ocrx_word' id='word_1_209' title='bbox 1004 3889 1149 3934; x_wconf 76' lang='lat' dir='ltr'>{erra</span> <span class='ocrx_word' id='word_1_210' title='bbox 1161 3920 1175 3942; x_wconf 88' lang='lat'>,</span> <span class='ocrx_word' id='word_1_211' title='bbox 1220 3881 1448 3932; x_wconf 77' lang='lat' dir='ltr'>Pondere</span> <span class='ocrx_word' id='word_1_212' title='bbox 1467 3896 1610 3944; x_wconf 74' lang='lat' dir='ltr'>aque</span> <span class='ocrx_word' id='word_1_213' title='bbox 1630 3879 1796 3929; x_wconf 60' lang='lat' dir='ltr'>lentior.</span> 
     </span>
     <span class='ocr_line' id='line_1_36' title="bbox 777 3955 1797 4023; baseline -0.011 -7"><span class='ocrx_word' id='word_1_214' title='bbox 777 3960 887 4017; x_wconf 87' lang='lat' dir='ltr'>Sed</span> <span class='ocrx_word' id='word_1_215' title='bbox 910 3961 1137 4014; x_wconf 88' lang='lat' dir='ltr'>alterum</span> <span class='ocrx_word' id='word_1_216' title='bbox 1160 3976 1189 4010; x_wconf 90' lang='lat' dir='ltr'>e</span> <span class='ocrx_word' id='word_1_217' title='bbox 1210 3955 1346 4009; x_wconf 84' lang='lat' dir='ltr'>Cod.</span> <span class='ocrx_word' id='word_1_218' title='bbox 1367 3963 1668 4023; x_wconf 81' lang='lat' dir='ltr'>pervetusto</span> <span class='ocrx_word' id='word_1_219' title='bbox 1680 3971 1797 4021; x_wconf 87' lang='lat' dir='ltr'>pro·</span> 
     </span>
     <span class='ocr_line' id='line_1_37' title="bbox 777 4034 1799 4105; baseline -0.012 -10"><span class='ocrx_word' id='word_1_220' title='bbox 777 4041 896 4095; x_wconf 87' lang='lat' dir='ltr'>tulit</span> <span class='ocrx_word' id='word_1_221' title='bbox 911 4037 1116 4105; x_wconf 88' lang='lat' dir='ltr'>Const.,</span> <span class='ocrx_word' id='word_1_222' title='bbox 1131 4036 1356 4091; x_wconf 80' lang='lat' dir='ltr'>Fanens.</span> <span class='ocrx_word' id='word_1_223' title='bbox 1370 4043 1424 4086; x_wconf 87' lang='lat' dir='ltr'>et</span> <span class='ocrx_word' id='word_1_224' title='bbox 1427 4034 1628 4099; x_wconf 75' lang='lat' dir='ltr'>pondus</span> <span class='ocrx_word' id='word_1_225' title='bbox 1640 4034 1799 4084; x_wconf 70' lang='lat' dir='ltr'>levius</span> 
     </span>
     <span class='ocr_line' id='line_1_38' title="bbox 779 4109 1798 4186; baseline -0.011 -13"><span class='ocrx_word' id='word_1_226' title='bbox 779 4127 1073 4186; x_wconf 80' lang='lat' dir='ltr'>agnoscunt</span> <span class='ocrx_word' id='word_1_227' title='bbox 1100 4115 1264 4170; x_wconf 87' lang='lat' dir='ltr'>etiam</span> <span class='ocrx_word' id='word_1_228' title='bbox 1287 4122 1527 4181; x_wconf 76' lang='lat' dir='ltr'>excerpta</span> <span class='ocrx_word' id='word_1_229' title='bbox 1563 4109 1798 4163; x_wconf 65' lang='lat' dir='ltr'>Vatican.</span> 
     </span>
     <span class='ocr_line' id='line_1_39' title="bbox 782 4186 1798 4261; baseline -0.008 -13"><span class='ocrx_word' id='word_1_230' title='bbox 782 4193 1062 4251; x_wconf 74' lang='lat' dir='ltr'>Calandrae</span> <span class='ocrx_word' id='word_1_231' title='bbox 1080 4233 1095 4258; x_wconf 88' lang='lat'><em>,</em></span> <span class='ocrx_word' id='word_1_232' title='bbox 1121 4208 1424 4261; x_wconf 82' lang='lat' dir='ltr'>quanquam</span> <span class='ocrx_word' id='word_1_233' title='bbox 1449 4190 1504 4241; x_wconf 90' lang='lat' dir='ltr'>in</span> <span class='ocrx_word' id='word_1_234' title='bbox 1536 4187 1617 4240; x_wconf 85' lang='lat' dir='ltr'>his</span> <span class='ocrx_word' id='word_1_235' title='bbox 1637 4186 1798 4241; x_wconf 85' lang='lat' dir='ltr'>etiam</span> 
     </span>
     <span class='ocr_line' id='line_1_40' title="bbox 778 4267 1800 4345; baseline -0.011 -16"><span class='ocrx_word' id='word_1_236' title='bbox 778 4294 915 4345; x_wconf 79' lang='lat' dir='ltr'><em>aqua</em></span> <span class='ocrx_word' id='word_1_237' title='bbox 940 4274 1184 4327; x_wconf 73' lang='lat' dir='ltr'>scribitur</span> <span class='ocrx_word' id='word_1_238' title='bbox 1202 4310 1217 4338; x_wconf 91' lang='lat'>,</span> <span class='ocrx_word' id='word_1_239' title='bbox 1261 4269 1400 4342; x_wconf 85' lang='lat' dir='ltr'>quod</span> <span class='ocrx_word' id='word_1_240' title='bbox 1431 4278 1676 4337; x_wconf 79' lang='lat' dir='ltr'>argutum</span> <span class='ocrx_word' id='word_1_241' title='bbox 1709 4267 1800 4319; x_wconf 75' lang='lat' dir='ltr'>vi-</span> 
     </span>
     <span class='ocr_line' id='line_1_41' title="bbox 781 4350 1804 4417; baseline -0.007 -11"><span class='ocrx_word' id='word_1_242' title='bbox 781 4353 1005 4409; x_wconf 76' lang='lat' dir='ltr'>debatur</span> <span class='ocrx_word' id='word_1_243' title='bbox 1024 4350 1264 4405; x_wconf 78' lang='lat' dir='ltr'>Heinsio.</span> <span class='ocrx_word' id='word_1_244' title='bbox 1296 4350 1583 4402; x_wconf 78' lang='lat' dir='ltr'>vetustum</span> <span class='ocrx_word' id='word_1_245' title='bbox 1609 4351 1723 4417; x_wconf 66' lang='lat' dir='ltr'>igni</span> <span class='ocrx_word' id='word_1_246' title='bbox 1739 4364 1804 4401; x_wconf 80' lang='lat' dir='ltr'>ex</span> 
     </span>
    </p>
   </div>
   <div class='ocr_carea' id='block_1_5' title="bbox 1883 2219 2906 2288">
    <p class='ocr_par' dir='ltr' id='par_1_15' title="bbox 1883 2219 2906 2288">
     <span class='ocr_line' id='line_1_42' title="bbox 1883 2219 2906 2288; baseline -0.007 -10"><span class='ocrx_word' id='word_1_247' title='bbox 1883 2224 2081 2278; x_wconf 86' lang='lat' dir='ltr'>Medic.</span> <span class='ocrx_word' id='word_1_248' title='bbox 2119 2224 2328 2278; x_wconf 88' lang='lat' dir='ltr'>Bonon.</span> <span class='ocrx_word' id='word_1_249' title='bbox 2371 2231 2427 2275; x_wconf 89' lang='lat' dir='ltr'>et</span> <span class='ocrx_word' id='word_1_250' title='bbox 2468 2219 2670 2274; x_wconf 65' lang='lat' dir='ltr'>strom</span> <span class='ocrx_word' id='word_1_251' title='bbox 2708 2220 2906 2288; x_wconf 79' lang='lat' dir='ltr'>accepit</span> 
     </span>
    </p>
   </div>
   <div class='ocr_carea' id='block_1_6' title="bbox 1883 2304 2906 2447">
    <p class='ocr_par' dir='ltr' id='par_1_16' title="bbox 1883 2304 2906 2447">
     <span class='ocr_line' id='line_1_43' title="bbox 1883 2304 2241 2356; baseline -0.006 0"><span class='ocrx_word' id='word_1_252' title='bbox 1883 2304 2241 2356; x_wconf 73' lang='lat' dir='ltr'>Burmannus.</span> 
     </span>
     <span class='ocr_line' id='line_1_44' title="bbox 1951 2373 2906 2447; baseline -0.006 -12"><span class='ocrx_word' id='word_1_253' title='bbox 1951 2384 2030 2447; x_wconf 82' lang='lat'>54.</span> <span class='ocrx_word' id='word_1_254' title='bbox 2071 2380 2364 2431; x_wconf 60' lang='lat' dir='ltr'>(husa-tem</span> <span class='ocrx_word' id='word_1_255' title='bbox 2388 2375 2575 2429; x_wconf 81' lang='lat' dir='ltr'>Heius.</span> <span class='ocrx_word' id='word_1_256' title='bbox 2605 2373 2756 2428; x_wconf 87' lang='lat' dir='ltr'>malit</span> <span class='ocrx_word' id='word_1_257' title='bbox 2771 2394 2906 2429; x_wconf 73' lang='lat' dir='ltr'>con-</span> 
     </span>
    </p>
   </div>
   <div class='ocr_carea' id='block_1_7' title="bbox 1870 2454 2916 4419">
    <p class='ocr_par' dir='ltr' id='par_1_17' title="bbox 1870 2454 2909 2923">
     <span class='ocr_line' id='line_1_45' title="bbox 1884 2454 2904 2525; baseline -0.007 -11"><span class='ocrx_word' id='word_1_258' title='bbox 1884 2464 2061 2514; x_wconf 61' lang='lat' dir='ltr'>sulem.</span> <span class='ocrx_word' id='word_1_259' title='bbox 2087 2458 2248 2512; x_wconf 86' lang='lat' dir='ltr'>Male.</span> <span class='ocrx_word' id='word_1_260' title='bbox 2269 2485 2338 2497; x_wconf 91' lang='lat'>—</span> <span class='ocrx_word' id='word_1_261' title='bbox 2363 2459 2673 2518; x_wconf 69' lang='lat' dir='ltr'>Conszirtere,</span> <span class='ocrx_word' id='word_1_262' title='bbox 2702 2454 2872 2525; x_wconf 72' lang='lat' dir='ltr'>colligi</span> <span class='ocrx_word' id='word_1_263' title='bbox 2887 2491 2904 2523; x_wconf 88' lang='lat'><strong><em>,</em></strong></span> 
     </span>
     <span class='ocr_line' id='line_1_46' title="bbox 1886 2532 2909 2604; baseline -0.008 -13"><span class='ocrx_word' id='word_1_264' title='bbox 1886 2538 2015 2591; x_wconf 88' lang='lat' dir='ltr'>oriri</span> <span class='ocrx_word' id='word_1_265' title='bbox 2029 2578 2044 2604; x_wconf 89' lang='lat'>,</span> <span class='ocrx_word' id='word_1_266' title='bbox 2072 2546 2364 2603; x_wconf 53' lang='grc' dir='ltr'>συνεὶς-ασθαι</span> <span class='ocrx_word' id='word_1_267' title='bbox 2380 2575 2397 2604; x_wconf 88' lang='grc'><strong>,</strong></span> <span class='ocrx_word' id='word_1_268' title='bbox 2426 2545 2517 2587; x_wconf 81' lang='lat' dir='ltr'>aut</span> <span class='ocrx_word' id='word_1_269' title='bbox 2536 2532 2828 2589; x_wconf 84' lang='lat' dir='ltr'>immorari.</span> <span class='ocrx_word' id='word_1_270' title='bbox 2841 2560 2909 2573; x_wconf 95' lang='lat'>—-</span> 
     </span>
     <span class='ocr_line' id='line_1_47' title="bbox 1886 2610 2908 2681; baseline -0.006 -12"><span class='ocrx_word' id='word_1_271' title='bbox 1886 2618 2103 2669; x_wconf 69' lang='lat' dir='ltr'>Motum.</span> <span class='ocrx_word' id='word_1_272' title='bbox 2135 2614 2278 2668; x_wconf 78' lang='lat' dir='ltr'>Aiias</span> <span class='ocrx_word' id='word_1_273' title='bbox 2298 2622 2474 2666; x_wconf 72' lang='lat' dir='ltr'>teme-e</span> <span class='ocrx_word' id='word_1_274' title='bbox 2490 2611 2701 2681; x_wconf 83' lang='lat' dir='ltr'>Jupiter</span> <span class='ocrx_word' id='word_1_275' title='bbox 2721 2610 2908 2664; x_wconf 84' lang='lat' dir='ltr'>dicitur</span> 
     </span>
     <span class='ocr_line' id='line_1_48' title="bbox 1887 2690 2908 2761; baseline -0.007 -14"><span class='ocrx_word' id='word_1_276' title='bbox 1887 2692 2198 2761; x_wconf 83' lang='lat' dir='ltr'>fulminibus</span> <span class='ocrx_word' id='word_1_277' title='bbox 2211 2703 2301 2746; x_wconf 82' lang='lat' dir='ltr'>aut</span> <span class='ocrx_word' id='word_1_278' title='bbox 2322 2690 2542 2743; x_wconf 87' lang='lat' dir='ltr'>tonitru.</span> <span class='ocrx_word' id='word_1_279' title='bbox 2562 2716 2629 2731; x_wconf 90' lang='lat'>·-·</span> <span class='ocrx_word' id='word_1_280' title='bbox 2643 2691 2908 2742; x_wconf 79' lang='lat' dir='ltr'>Face’enles</span> 
     </span>
     <span class='ocr_line' id='line_1_49' title="bbox 1870 2768 2904 2843; baseline -0.009 -14"><span class='ocrx_word' id='word_1_281' title='bbox 1870 2775 2101 2843; x_wconf 64' lang='lat' dir='ltr'>frigora,</span> <span class='ocrx_word' id='word_1_282' title='bbox 2121 2784 2181 2827; x_wconf 92' lang='lat' dir='ltr'>ut</span> <span class='ocrx_word' id='word_1_283' title='bbox 2196 2772 2334 2843; x_wconf 86' lang='lat' dir='ltr'>apud</span> <span class='ocrx_word' id='word_1_284' title='bbox 2347 2771 2492 2840; x_wconf 72' lang='lat' dir='ltr'>Vis-g.</span> <span class='ocrx_word' id='word_1_285' title='bbox 2508 2768 2765 2838; x_wconf 74' lang='lat' dir='ltr'>GeorgJ,</span> <span class='ocrx_word' id='word_1_286' title='bbox 2783 2769 2904 2831; x_wconf 81' lang='lat'>352,</span> 
     </span>
     <span class='ocr_line' id='line_1_50' title="bbox 1886 2852 2480 2923; baseline -0.003 -18"><span class='ocrx_word' id='word_1_287' title='bbox 1886 2862 2092 2923; x_wconf 71' lang='lat' dir='ltr'>agentes</span> <span class='ocrx_word' id='word_1_288' title='bbox 2101 2852 2307 2921; x_wconf 68' lang='lat' dir='ltr'>frigam</span> <span class='ocrx_word' id='word_1_289' title='bbox 2326 2856 2480 2903; x_wconf 78' lang='lat' dir='ltr'>venti.</span> 
     </span>
    </p>

    <p class='ocr_par' dir='ltr' id='par_1_18' title="bbox 1888 2927 2910 3395">
     <span class='ocr_line' id='line_1_51' title="bbox 1957 2927 2908 3001; baseline -0.005 -15"><span class='ocrx_word' id='word_1_290' title='bbox 1957 2934 2037 3001; x_wconf 81' lang='lat'>57.</span> <span class='ocrx_word' id='word_1_291' title='bbox 2060 2935 2266 2986; x_wconf 71' lang='lat' dir='ltr'>Passim</span> <span class='ocrx_word' id='word_1_292' title='bbox 2283 2971 2296 2991; x_wconf 81' lang='grc'><strong>,</strong></span> <span class='ocrx_word' id='word_1_293' title='bbox 2328 2930 2442 2983; x_wconf 85' lang='lat' dir='ltr'>sine</span> <span class='ocrx_word' id='word_1_294' title='bbox 2466 2927 2652 2983; x_wconf 83' lang='lat' dir='ltr'>ordine</span> <span class='ocrx_word' id='word_1_295' title='bbox 2677 2939 2732 2983; x_wconf 91' lang='lat' dir='ltr'>et</span> <span class='ocrx_word' id='word_1_296' title='bbox 2760 2927 2874 2997; x_wconf 82' lang='lat' dir='ltr'>lege</span> <span class='ocrx_word' id='word_1_297' title='bbox 2892 2966 2908 2994; x_wconf 91' lang='lat'>,</span> 
     </span>
     <span class='ocr_line' id='line_1_52' title="bbox 1888 3003 2908 3079; baseline -0.007 -15"><span class='ocrx_word' id='word_1_298' title='bbox 1888 3020 1954 3065; x_wconf 84' lang='lat' dir='ltr'>ut</span> <span class='ocrx_word' id='word_1_299' title='bbox 1972 3010 2193 3079; x_wconf 87' lang='lat' dir='ltr'>quisque</span> <span class='ocrx_word' id='word_1_300' title='bbox 2215 3008 2379 3077; x_wconf 82' lang='lat' dir='ltr'>spiret</span> <span class='ocrx_word' id='word_1_301' title='bbox 2394 3047 2410 3073; x_wconf 87' lang='lat'>,</span> <span class='ocrx_word' id='word_1_302' title='bbox 2440 3005 2583 3060; x_wconf 85' lang='lat' dir='ltr'>unde</span> <span class='ocrx_word' id='word_1_303' title='bbox 2605 3005 2745 3058; x_wconf 74' lang='lat' dir='ltr'>velit.</span> <span class='ocrx_word' id='word_1_304' title='bbox 2769 3003 2908 3057; x_wconf 88' lang='lat' dir='ltr'>Vide</span> 
     </span>
     <span class='ocr_line' id='line_1_53' title="bbox 1889 3083 2908 3156; baseline -0.004 -13"><span class='ocrx_word' id='word_1_305' title='bbox 1889 3088 2293 3153; x_wconf 71' lang='lat' dir='ltr'>Bummnnnm,</span> <span class='ocrx_word' id='word_1_306' title='bbox 2319 3085 2384 3139; x_wconf 79' lang='lat' dir='ltr'>ad</span> <span class='ocrx_word' id='word_1_307' title='bbox 2419 3083 2757 3156; x_wconf 86' lang='lat' dir='ltr'>Quintilianli</span> <span class='ocrx_word' id='word_1_308' title='bbox 2781 3084 2908 3139; x_wconf 83' lang='lat' dir='ltr'>De·-</span> 
     </span>
     <span class='ocr_line' id='line_1_54' title="bbox 1888 3167 2910 3235; baseline -0.005 -12"><span class='ocrx_word' id='word_1_309' title='bbox 1888 3169 2039 3223; x_wconf 85' lang='lat' dir='ltr'>clam.</span> <span class='ocrx_word' id='word_1_310' title='bbox 2076 3168 2186 3235; x_wconf 82' lang='lat' dir='ltr'>IV,</span> <span class='ocrx_word' id='word_1_311' title='bbox 2219 3167 2293 3220; x_wconf 77' lang='lat'>13.</span> <span class='ocrx_word' id='word_1_312' title='bbox 2316 3195 2383 3208; x_wconf 95' lang='lat'>—</span> <span class='ocrx_word' id='word_1_313' title='bbox 2408 3168 2737 3228; x_wconf 74' lang='lat' dir='ltr'>Habendum,</span> <span class='ocrx_word' id='word_1_314' title='bbox 2772 3184 2910 3234; x_wconf 80' lang='lat' dir='ltr'>pos-</span> 
     </span>
     <span class='ocr_line' id='line_1_55' title="bbox 1889 3243 2909 3315; baseline -0.005 -14"><span class='ocrx_word' id='word_1_315' title='bbox 1889 3244 2170 3302; x_wconf 86' lang='lat' dir='ltr'>sidendum</span> <span class='ocrx_word' id='word_1_316' title='bbox 2184 3286 2200 3313; x_wconf 85' lang='lat'>,</span> <span class='ocrx_word' id='word_1_317' title='bbox 2217 3244 2301 3298; x_wconf 79' lang='lat' dir='ltr'>vel</span> <span class='ocrx_word' id='word_1_318' title='bbox 2315 3245 2622 3315; x_wconf 77' lang='lat' dir='ltr'>agitandum</span> <span class='ocrx_word' id='word_1_319' title='bbox 2638 3263 2651 3297; x_wconf 72' lang='grc' dir='ltr'>ε</span> <span class='ocrx_word' id='word_1_320' title='bbox 2669 3243 2909 3298; x_wconf 87' lang='lat' dir='ltr'>similiter</span> 
     </span>
     <span class='ocr_line' id='line_1_56' title="bbox 1891 3331 2204 3395; baseline -0.013 -16"><span class='ocrx_word' id='word_1_321' title='bbox 1891 3344 2041 3395; x_wconf 54' lang='grc' dir='ltr'>με.</span> <span class='ocrx_word' id='word_1_322' title='bbox 2064 3331 2204 3392; x_wconf 75' lang='grc' dir='ltr'><strong><em>ῒχειν.</em></strong></span> 
     </span>
    </p>

    <p class='ocr_par' dir='ltr' id='par_1_19' title="bbox 1891 3401 2916 3786">
     <span class='ocr_line' id='line_1_57' title="bbox 1957 3401 2911 3474; baseline 0.002 -21"><span class='ocrx_word' id='word_1_323' title='bbox 1957 3406 2037 3474; x_wconf 77' lang='grc'>59.</span> <span class='ocrx_word' id='word_1_324' title='bbox 2068 3406 2275 3468; x_wconf 75' lang='lat' dir='ltr'>Quum...</span> <span class='ocrx_word' id='word_1_325' title='bbox 2294 3409 2461 3455; x_wconf 73' lang='lat' dir='ltr'>tractu</span> <span class='ocrx_word' id='word_1_326' title='bbox 2473 3442 2486 3462; x_wconf 83' lang='grc'><strong>,</strong></span> <span class='ocrx_word' id='word_1_327' title='bbox 2507 3420 2674 3471; x_wconf 87' lang='lat' dir='ltr'>quum</span> <span class='ocrx_word' id='word_1_328' title='bbox 2688 3401 2911 3470; x_wconf 84' lang='lat' dir='ltr'>quisque</span> 
     </span>
     <span class='ocr_line' id='line_1_58' title="bbox 1891 3478 2916 3550; baseline -0.003 -15"><span class='ocrx_word' id='word_1_329' title='bbox 1891 3500 1954 3535; x_wconf 83' lang='lat' dir='ltr'>ex</span> <span class='ocrx_word' id='word_1_330' title='bbox 1978 3480 2180 3533; x_wconf 83' lang='lat' dir='ltr'>diversa</span> <span class='ocrx_word' id='word_1_331' title='bbox 2203 3479 2417 3550; x_wconf 76' lang='lat' dir='ltr'>regione</span> <span class='ocrx_word' id='word_1_332' title='bbox 2440 3478 2568 3546; x_wconf 82' lang='lat' dir='ltr'>flat,</span> <span class='ocrx_word' id='word_1_333' title='bbox 2597 3490 2655 3533; x_wconf 86' lang='lat' dir='ltr'>ut</span> <span class='ocrx_word' id='word_1_334' title='bbox 2684 3480 2916 3532; x_wconf 81' lang='lat' dir='ltr'>Homer.</span> 
     </span>
     <span class='ocr_line' id='line_1_59' title="bbox 1893 3557 2908 3630; baseline -0.002 -17"><span class='ocrx_word' id='word_1_335' title='bbox 1893 3557 2000 3613; x_wconf 85' lang='lat' dir='ltr'>Od.</span> <span class='ocrx_word' id='word_1_336' title='bbox 2027 3557 2078 3606; x_wconf 88' lang='lat' dir='ltr'>V</span> <span class='ocrx_word' id='word_1_337' title='bbox 2082 3560 2227 3630; x_wconf 83' lang='lat'>,.295</span> <span class='ocrx_word' id='word_1_338' title='bbox 2240 3585 2308 3598; x_wconf 92' lang='lat'>-</span> <span class='ocrx_word' id='word_1_339' title='bbox 2323 3562 2527 3626; x_wconf 68' lang='lat' dir='ltr'>Regan!</span> <span class='ocrx_word' id='word_1_340' title='bbox 2552 3577 2648 3610; x_wconf 79' lang='lat' dir='ltr'>sua</span> <span class='ocrx_word' id='word_1_341' title='bbox 2657 3560 2908 3626; x_wconf 66' lang='lat' dir='ltr'>stamina,</span> 
     </span>
     <span class='ocr_line' id='line_1_60' title="bbox 1891 3635 2912 3706; baseline -0.001 -17"><span class='ocrx_word' id='word_1_342' title='bbox 1891 3646 2143 3704; x_wconf 89' lang='lat' dir='ltr'>tanquam</span> <span class='ocrx_word' id='word_1_343' title='bbox 2168 3651 2445 3704; x_wconf 60' lang='lat' dir='ltr'>persona·</span> <span class='ocrx_word' id='word_1_344' title='bbox 2472 3641 2692 3703; x_wconf 72' lang='lat' dir='ltr'>lauteni,</span> <span class='ocrx_word' id='word_1_345' title='bbox 2728 3635 2912 3706; x_wconf 76' lang='lat' dir='ltr'>gravi-—</span> 
     </span>
     <span class='ocr_line' id='line_1_61' title="bbox 1894 3714 2495 3786; baseline -0.002 -16"><span class='ocrx_word' id='word_1_346' title='bbox 1894 3726 2001 3781; x_wconf 81' lang='lat' dir='ltr'>ter,</span> <span class='ocrx_word' id='word_1_347' title='bbox 2027 3735 2124 3786; x_wconf 89' lang='lat' dir='ltr'>pro</span> <span class='ocrx_word' id='word_1_348' title='bbox 2148 3714 2495 3785; x_wconf 83' lang='lat' dir='ltr'>disrumpant.</span> 
     </span>
    </p>

    <p class='ocr_par' dir='ltr' id='par_1_20' title="bbox 1893 3755 2916 4419">
     <span class='ocr_line' id='line_1_62' title="bbox 1957 3755 2916 3849; baseline -0.001 -1"><span class='ocrx_word' id='word_1_349' title='bbox 1957 3755 2042 3848; x_wconf 70' lang='lat' dir='ltr'>fib.</span> <span class='ocrx_word' id='word_1_350' title='bbox 2056 3797 2302 3847; x_wconf 76' lang='lat' dir='ltr'>Fratrum.</span> <span class='ocrx_word' id='word_1_351' title='bbox 2317 3794 2499 3848; x_wconf 83' lang='lat' dir='ltr'>Habiti</span> <span class='ocrx_word' id='word_1_352' title='bbox 2511 3805 2636 3849; x_wconf 85' lang='lat' dir='ltr'>sunt</span> <span class='ocrx_word' id='word_1_353' title='bbox 2656 3792 2840 3847; x_wconf 72' lang='lat' dir='ltr'>Astraei</span> <span class='ocrx_word' id='word_1_354' title='bbox 2857 3806 2916 3847; x_wconf 87' lang='lat' dir='ltr'>et</span> 
     </span>
     <span class='ocr_line' id='line_1_63' title="bbox 1895 3870 2913 3940; baseline -0.003 -12"><span class='ocrx_word' id='word_1_355' title='bbox 1895 3873 2118 3928; x_wconf 67' lang='lat' dir='ltr'>Aurorae</span> <span class='ocrx_word' id='word_1_356' title='bbox 2143 3873 2249 3926; x_wconf 80' lang='lat' dir='ltr'>filii.</span> <span class='ocrx_word' id='word_1_357' title='bbox 2277 3870 2496 3927; x_wconf 86' lang='lat' dir='ltr'>Hesiod.</span> <span class='ocrx_word' id='word_1_358' title='bbox 2525 3872 2628 3925; x_wconf 87' lang='lat' dir='ltr'>Th.</span> <span class='ocrx_word' id='word_1_359' title='bbox 2652 3872 2764 3940; x_wconf 83' lang='lat'>378.</span> <span class='ocrx_word' id='word_1_360' title='bbox 2800 3871 2913 3925; x_wconf 85' lang='lat' dir='ltr'>Sed</span> 
     </span>
     <span class='ocr_line' id='line_1_64' title="bbox 1894 3949 2909 4022; baseline -0.004 -15"><span class='ocrx_word' id='word_1_361' title='bbox 1894 3953 2088 4007; x_wconf 84' lang='lat' dir='ltr'>Noster</span> <span class='ocrx_word' id='word_1_362' title='bbox 2117 3952 2264 4007; x_wconf 85' lang='lat' dir='ltr'>omni</span> <span class='ocrx_word' id='word_1_363' title='bbox 2300 3950 2349 4004; x_wconf 83' lang='lat' dir='ltr'>h.</span> <span class='ocrx_word' id='word_1_364' title='bbox 2387 3950 2418 4004; x_wconf 86' lang='lat' dir='ltr'>l.</span> <span class='ocrx_word' id='word_1_365' title='bbox 2453 3949 2773 4022; x_wconf 81' lang='lat' dir='ltr'>mythologia</span> <span class='ocrx_word' id='word_1_366' title='bbox 2806 3968 2909 4003; x_wconf 85' lang='lat' dir='ltr'>ne-</span> 
     </span>
     <span class='ocr_line' id='line_1_65' title="bbox 1895 4028 2914 4101; baseline -0.005 -17"><span class='ocrx_word' id='word_1_367' title='bbox 1895 4031 2059 4101; x_wconf 74' lang='lat' dir='ltr'>glecta</span> <span class='ocrx_word' id='word_1_368' title='bbox 2081 4072 2095 4090; x_wconf 84' lang='grc'><strong>,</strong></span> <span class='ocrx_word' id='word_1_369' title='bbox 2134 4048 2314 4083; x_wconf 87' lang='lat' dir='ltr'>rerum</span> <span class='ocrx_word' id='word_1_370' title='bbox 2351 4039 2594 4083; x_wconf 84' lang='lat' dir='ltr'>naturam</span> <span class='ocrx_word' id='word_1_371' title='bbox 2635 4028 2914 4096; x_wconf 68' lang='lat' dir='ltr'>sequitur-3</span> 
     </span>
     <span class='ocr_line' id='line_1_66' title="bbox 1893 4108 2913 4179; baseline -0.003 -18"><span class='ocrx_word' id='word_1_372' title='bbox 1893 4111 2068 4179; x_wconf 76' lang='lat' dir='ltr'>itaque</span> <span class='ocrx_word' id='word_1_373' title='bbox 2095 4109 2194 4162; x_wconf 89' lang='lat' dir='ltr'>hoc</span> <span class='ocrx_word' id='word_1_374' title='bbox 2218 4108 2436 4161; x_wconf 89' lang='lat' dir='ltr'>nomine</span> <span class='ocrx_word' id='word_1_375' title='bbox 2459 4124 2804 4165; x_wconf 66' lang='lat' dir='ltr'>communem</span> <span class='ocrx_word' id='word_1_376' title='bbox 2822 4124 2913 4175; x_wconf 85' lang='lat' dir='ltr'>po·</span> 
     </span>
     <span class='ocr_line' id='line_1_67' title="bbox 1895 4183 2915 4252; baseline -0.003 -13"><span class='ocrx_word' id='word_1_377' title='bbox 1895 4187 1997 4241; x_wconf 90' lang='lat' dir='ltr'>tius</span> <span class='ocrx_word' id='word_1_378' title='bbox 2031 4197 2314 4240; x_wconf 74' lang='lat' dir='ltr'>ventorum</span> <span class='ocrx_word' id='word_1_379' title='bbox 2350 4196 2594 4238; x_wconf 85' lang='lat' dir='ltr'>naturam</span> <span class='ocrx_word' id='word_1_380' title='bbox 2631 4183 2915 4252; x_wconf 83' lang='lat' dir='ltr'>respexisse</span> 
     </span>
     <span class='ocr_line' id='line_1_68' title="bbox 1895 4261 2914 4319; baseline -0.001 -1"><span class='ocrx_word' id='word_1_381' title='bbox 1895 4265 2118 4319; x_wconf 79' lang='lat' dir='ltr'>videtur.</span> <span class='ocrx_word' id='word_1_382' title='bbox 2155 4265 2393 4318; x_wconf 86' lang='lat' dir='ltr'>Positum</span> <span class='ocrx_word' id='word_1_383' title='bbox 2421 4273 2598 4319; x_wconf 84' lang='lat' dir='ltr'>autem</span> <span class='ocrx_word' id='word_1_384' title='bbox 2623 4273 2701 4317; x_wconf 86' lang='lat' dir='ltr'>est</span> <span class='ocrx_word' id='word_1_385' title='bbox 2723 4262 2779 4316; x_wconf 89' lang='lat' dir='ltr'>in</span> <span class='ocrx_word' id='word_1_386' title='bbox 2809 4261 2914 4317; x_wconf 84' lang='lat' dir='ltr'>hoc</span> 
     </span>
     <span class='ocr_line' id='line_1_69' title="bbox 1895 4341 2679 4419; baseline -0.008 -21"><span class='ocrx_word' id='word_1_387' title='bbox 1895 4343 2301 4419; x_wconf 83' lang='lat' dir='ltr'>epiphonemate</span> <span class='ocrx_word' id='word_1_388' title='bbox 2324 4359 2449 4396; x_wconf 81' lang='lat' dir='ltr'>cum</span> <span class='ocrx_word' id='word_1_389' title='bbox 2471 4341 2679 4396; x_wconf 81' lang='lat' dir='ltr'>virtute.</span> 
     </span>
    </p>
   </div>
   <div class='ocr_carea' id='block_1_8' title="bbox 3210 3077 3213 3785">
    <p class='ocr_par' dir='ltr' id='par_1_21' title="bbox 3210 3077 3213 3785">
     <span class='ocr_line' id='line_1_70' title="bbox 3210 3077 3213 3785; baseline 0 0"><span class='ocrx_word' id='word_1_390' title='bbox 3210 3077 3213 3785; x_wconf 95' lang='lat' dir='ltr'> </span> 
     </span>
    </p>
   </div>
  </div>
 </body>
</html>
