3217 5134
663 536 1338 630 METAMORPH
1360 537 1717 611 ost-:01⁵1
1766 543 1958 610 LIB.
2020 547 2078 611 1.

2324 533 2448 612 135'

289 711 326 744 »
373 680 532 754 Hoc
558 696 621 752 te
639 735 658 767 ‚
680 708 877 781 quem
903 694 1199 782 spectas»,
1226 681 1355 756 hoc
1381 700 1444 757 te
1462 739 1481 772 ‚
1515 684 1633 785 qui
1664 702 1987 785 temperat
2008 686 2233 760 orbem
2260 744 2278 775 ,
2343 728 2443 781 77⁰

289 829 326 859 »
369 793 529 869 Sole
565 814 784 869 satum
822 825 837 869 t
874 797 931 870 si
964 795 1120 871 ficta
1150 794 1432 899 loquor,
1469 816 1671 894 neget
1704 800 1848 900 ipse
1885 801 2241 877 videndum

291 947 326 976 »
370 913 458 987 Se
490 901 693 1001 mihi}
731 914 953 1015 sitque
986 912 1202 989 oculis
1234 912 1351 989 lux
1384 915 1510 990 ista
1542 916 1904 991 novissima
1938 921 2203 994 nostris.

287 1064 328 1096 »
369 1033 512 1104 Nec
543 1029 789 1127 longus
821 1029 1014 1105 labor
1048 1050 1148 1105 est
1177 1032 1434 1133 patrios
1464 1033 1593 1107 tibi
1629 1062 1826 1110 nosse
1861 1056 2135 1137 penates
2166 1070 2180 1112 :

289 1181 327 1212 ³»
371 1144 569 1220 Unde
604 1145 855 1234 oritur,
896 1145 1137 1222 domus
1174 1165 1275 1221 est
1309 1164 1495 1222 terrae
1525 1151 1938 1225 contermina
1968 1172 2233 1232 nostrae.

291 1296 330 1327 »
370 1261 445 1334 Si
465 1260 666 1335 modo
683 1261 812 1335 fert
830 1262 1129 1349 animus;
1160 1263 1467 1359 gradere3
1497 1284 1564 1340 et
1590 1267 1915 1342 scitabere
1934 1269 2212 1371 abipso.
2252 1307 2287 1337 »
2339 1289 2439 1365 775

285 1376 551 1452 Emicat
584 1377 917 1480 extemplo
953 1377 1142 1454 laetus
1177 1398 1337 1481 post
1363 1379 1517 1456 talia
1552 1384 1783 1458 matris
2230 1411 2245 1419 ·

286 1493 489 1568 Dicta
521 1522 656 1568 suae
688 1495 1074 1587 Phaethon,
1119 1515 1187 1571 et
1222 1498 1515 1599 concipit
1543 1500 1785 1576 aethera
1817 1520 2035 1577 mente
2066 1533 2083 1592 3

288 1611 783 1712 AEtbiopasque
823 1638 981 1685 suos
1001 1667 1019 1699 ,
1054 1611 1447 1715 positosque
1480 1616 1606 1690 sub
1641 1616 1914 1714 ignibus
1944 1620 2149 1695 Indos

288 1725 580 1802 Sidereis
616 1727 887 1818 transit,
923 1728 1311 1831 patriosque
1345 1730 1485 1805 adit
1514 1732 1797 1834 impiger
1827 1753 2035 1811 ortus,

356 1960 472 2012 77⁰·
502 1942 611 2008 Qui
619 1947 862 2008 temperat
878 1942 1060 1993 orbem.
1076 1939 1171 1994 Sol
1186 1947 1317 1994 tem-

279 2027 432 2088 perat
447 2022 640 2082 orbem,
667 2018 797 2071 dum
817 2017 990 2073 lucem
1015 2029 1069 2072 et
1082 2019 1315 2073 calorem

288 2098 527 2168 largitur,
552 2098 688 2152 sorte
711 2108 765 2151 et
782 2108 992 2151 motum
1009 2097 1194 2151 tribuit
1202 2096 1317 2167 pla—

291 2175 425 2229 netis
443 2216 462 2242 ‚
498 2174 978 2246 vicissitudinesque
1012 2185 1316 2246 temporum

292 2253 468 2309 efficit.
506 2255 697 2308 Horat.
725 2254 785 2322 Ι,
817 2253 924 2309 Od.
953 2271 1000 2309 11
1021 2294 1037 2322 ,
1074 2261 1171 2310 15:
1199 2255 1315 2308 Ju-

290 2333 428 2400 piter
453 2340 694 2400 temperat
708 2336 942 2387 mundum
957 2373 970 2396 ‚
1000 2333 1150 2404 regit.

357 2412 471 2484 773.
494 2415 606 2468 Nec
628 2416 808 2481 longus
829 2416 977 2468 labor
987 2421 1089 2475 est,
1114 2418 1316 2481 paln‘os

290 2494 396 2545 tibi.
441 2487 634 2550 Codd..
654 2491 771 2546 RB.
811 2491 878 2544 A.
906 2492 965 2545 B.
1000 2493 1108 2545 Nec
1134 2496 1315 2561 longus

283 2572 483 2633 patrios
502 2570 651 2621 labor
658 2576 739 2622 est
749 2571 858 2623 libs.
873 2568 1128 2624 Notabilis
1150 2580 1314 2624 trans·

291 2644 493 2714 positio.
506 2672 576 2686 -
592 2648 797 2701 Patrios
811 2653 1026 2714 penales
1043 2688 1057 2710 ,
1087 2648 1312 2717 patriam

291 2721 542 2791 domum,
562 2724 760 2794 regiam
781 2724 917 2779 Solis
937 2745 950 2778 ε
974 2723 1077 2777 vid.
1092 2725 1158 2779 ad
1175 2745 1309 2780 vers.

295 2805 401 2870 ¹74·
442 2801 576 2856 Haec
604 2806 738 2856 unde
758 2808 918 2856 oritur
939 2802 1060 2870 Sol,
1101 2823 1130 2857 a
1163 2815 1312 2874 parte

289 2880 566 2947 orientali,
590 2885 900 2935 contermina
920 2887 1002 2934 est¹
1016 2888 1162 2935 terta
1179 2901 1313 2935 nos-

290 2965 387 3011 tre.
422 2956 589 3028 Apud
612 2956 853 3027 Euripid.
877 2957 1101 3012 Phaeth.
1123 2958 1311 3029 fragm.

288 3055 336 3105 p.
357 3036 458 3104 462
472 3075 489 3104 ,
514 3047 553 3091 t.
566 3035 624 3089 II
638 3075 653 3103 ‚
675 3034 800 3089 edit.
821 3035 960 3107 Lips.
977 3036 1197 3107 Merops
1210 3056 1313 3090 vo-

288 3123 439 3166 catur
453 3132 546 3167 rex
566 3112 682 3183 ejus
699 3122 854 3167 terrae
867 3154 883 3182 ,
907 3132 1067 3183 quam
1085 3113 1313 3184 primam

290 3192 382 3248 Sol
405 3193 648 3248 exoriens
669 3193 891 3248 illustret
907 3233 923 3261 ,
952 3204 1009 3248 et
1031 3213 1192 3264 quam
1214 3193 1312 3247 ni-

289 3272 368 3342 gri
384 3272 546 3325 vicini
565 3274 788 3325 luctuum
801 3272 1053 3325 Auroram
1075 3274 1157 3338 (ἴω
1178 3297 1315 3344 φαιν-

289 3347 612 3417 m)etS011s
626 3351 832 3402 stabula
850 3350 1002 3416 (ἡλίου
1017 3351 1244 3416 ἔπος-εἱσι
1250 3349 1312 3417 ις)

289 3425 571 3520 appellent.
607 3425 690 3480 Ea
724 3445 850 3480 vero
892 3438 972 3481 est
1004 3425 1310 3518 AEtbiopia,

273 3506 401 3574 ταὶ,
426 3506 622 3578 quippe
640 3506 737 3560 sub
756 3504 1002 3562 calidiore
1024 3504 1150 3561 eaelo
1168 3505 1310 3572 sita,

289 3583 513 3640 vicinior
526 3594 609 3640 est
622 3583 743 3652 sol;
765 3603 890 3640 nam
905 3603 1028 3639 mox
1041 3586 1313 3653 AE'lbiopas

1411 1960 1533 1995 snos
1554 1953 1819 1997 memorat
1837 1981 1852 2007 ,
1877 1943 2066 2014 quibus
2089 1944 2287 2000 vicinos
2314 1948 2435 2002 facit

1412 2023 1588 2075 Indos.
1627 2021 1849 2075 Veteres
1872 2032 2049 2076 autem
2072 2022 2168 2076 sub
2195 2025 2432 2078 Indorum

1413 2110 1467 2154 et
1488 2103 1778 2167 Mhiopum
1795 2100 2015 2154 nomine
2039 2120 2225 2155 omnes
2246 2101 2436 2156 Orien·

1413 2176 1479 2230 tis
1505 2176 1722 2247 populos
1747 2177 2008 2247 complexi
2028 2188 2184 2244 sunt,
2221 2178 2278 2232 in
2305 2198 2434 2232 aus—

1413 2254 1630 2309 tralibus
1669 2255 1997 2326 potissimum
2041 2256 2200 2326 plagis
2244 2276 2257 2309 ε
2316 2257 2435 2312 vide

1415 2332 1613 2404 Cuper.
1653 2332 1927 2392 Observat.
1965 2334 2075 2400 IV,
2106 2356 2150 2406 7.
2183 2363 2250 2375 —
2286 2336 2430 2389 Con-

1410 2416 1637 2464 temu‘aa.
1654 2412 1891 2466 Vossian.
1909 2422 1964 2466 et
1984 2431 2119 2465 unus
2142 2412 2296 2467 Basil.
2313 2431 2435 2466 con-

1389 2493 1560 2559 finia,
1588 2502 1649 2544 ut
1669 2490 1735 2544 sit
1759 2491 2026 2560 appositio.
2054 2490 2231 2545 Nostri
2259 2490 2433 2545 codd.

1409 2567 1672 2639 vulgatam
1697 2568 1907 2625 habent.

1477 2651 1587 2719 775.
1623 2649 1848 2702 simodo
1865 2648 1980 2716 sert
1999 2655 2227 2711 animus,
2259 2646 2300 2700 si
2326 2666 2431 2700 cu-

1408 2725 1486 2796 pis
1508 2742 1521 2775 =
1547 2725 1665 2779 vide
1690 2725 1754 2778 ad
1780 2745 1908 2779 vers.
1939 2745 1982 2778 ι.

1478 2807 1587 2879 776.
1626 2810 1835 2860 Em‘cat
1867 2804 2190 2860 celeritatem
2218 2803 2433 2859 indicat.

1405 2887 1706 2939 —Eme'cat-
1727 2883 1882 2937 Exilit
1897 2905 1910 2948 ;
1926 2901 2053 2937 nam
2073 2887 2288 2935 emicare
2306 2902 2430 2936 cum

1407 2963 1707 3016 subsiliente
1725 2980 1945 3031 corpore
1961 2960 2195 3016 laetitiam
2220 2959 2430 3015 indicat.

1410 3040 1593 3111 virgil.
1622 3038 1836 3094 AEneid.
1853 3056 1943 3108 vt,
1975 3044 2003 3094 5
2027 3054 2041 3088 2
2064 3039 2311 3091 Juvenum
2327 3058 2428 3092 ma-

1408 3136 1503 3171 nus
1531 3121 1719 3170 emicat
1745 3118 1930 3169 ardens
1963 3118 2112 3170 Lz'lus
2144 3120 2200 3170 1'11
2223 3118 2428 3184 Hespe-

1405 3199 1566 3259 re’um,·
1594 3205 1650 3248 et
1675 3193 1810 3248 alibi.
1836 3196 1936 3247 Ed.

1476 3292 1582 3344 777.
1609 3274 1843 3341 Concipit
1852 3271 2021 3325 viator
2035 3278 2198 3325 mente
2216 3271 2389 3325 locum
2409 3312 2423 3338 ,

1387 3368 1514 3419 quo
1552 3348 1761 3404 tendit:
1800 3349 2050 3421 proponit
2083 3349 2180 3403 sibi
2217 3349 2391 3402 locum
2412 3388 2428 3416 ,

1409 3447 1514 3497 quo
1549 3427 1748 3481 tendat.
1781 3456 1850 3469 —
1881 3430 2089 3482 Posae'tos
2110 3429 2205 3480 sub
2227 3430 2428 3496 ignibus

1407 3508 1577 3559 Indos.
1598 3507 1786 3561 Horat.
1814 3506 1840 3559 1
1862 3544 1878 3572 ,
1905 3504 2013 3560 od.
2038 3521 2149 3570 κη,
2182 3509 2245 3560 55
2274 3525 2290 3560 .·
2314 3509 2435 3558 sub-

1391 3584 1564 3652 jeclos
1589 3586 1798 3637 oni-atel»-
1818 3602 1916 3635 ονε
1939 3585 2110 3636 Indos.
