3217 5134
642 526 1692 640 METAMORPIjIOSEON
1737 541 1935 610 LIB.
1985 542 2076 613 V.
2151 580 2156 587 ·

2293 547 2420 613 365

297 672 708 774 Infregitque
742 675 886 749 viro
919 706 936 749 :
966 675 1243 751 rutilum
1276 679 1488 752 vomit
1520 677 1630 755 ille
1660 708 2006 771 cruorem3

295 790 386 862 Et
414 790 774 891 resupinus
805 792 1085 867 humum
1115 794 1525 868 moribundo
1558 796 1799 871 vertice
1832 797 2074 897 pulsat.

297 906 462 982 Inde
489 908 875 983 Semiramio
914 907 1383 1012 Polydaemona
1417 913 1736 1009 sanguine
1773 930 2025 988 cretum
2046 970 2066 1004 ‚
2361 942 2429 995 85

302 1024 823 1126 Caucasiumque
858 1026 1113 1101 Abarin
1132 1083 1151 1116 ,
1192 1027 1855 1130 Sperchionidenque
1888 1032 2204 1131 Lycetum
2225 1089 2244 1121 ‚

299 1142 784 1243 Intonsumque
821 1171 1041 1218 comas
1072 1142 1320 1245 Elycen
1343 1197 1364 1233 ‚
1400 1135 1907 1247 Phlegiamque‚
1945 1147 2346 1252 Clytumque

301 1256 595 1346 Sternit;
633 1275 701 1332 et
731 1259 1108 1335 adstructos
1143 1261 1541 1335 morientum
1577 1261 1787 1337 calcat
1819 1290 2108 1338 acervos.

295 1374 437 1447 Nec
473 1374 769 1451 Phineus
799 1404 1000 1452 ausus
1029 1405 1421 1452 concurrere
1456 1378 1760 1453 cominus
1793 1378 1976 1454 hosti
1998 1436 2018 1470 ,

296 1490 654 1592 Intorquet
680 1493 975 1592 jaculum
1003 1523 1019 1567 :
1052 1492 1235 1594 quod
1268 1492 1508 1569 detulit
1540 1522 1725 1571 error
1748 1495 1820 1569 in
1849 1495 2016 1570 Idan
2040 1551 2060 1585 ‚
2365 1538 2432 1590 9⁰

296 1607 657 1706 Expertem
686 1609 932 1685 flustra
958 1609 1162 1699 belli,
1198 1628 1267 1686 et
1300 1630 1535 1686 neutra
1565 1641 1743 1687 anna
1775 1631 2151 1714 sequutum.

292 1727 420 1804 Ille
452 1747 644 1807 tuens
679 1733 889 1809 oculis
924 1735 1243 1810 immitem
1278 1735 1531 1809 Phinea
1558 1736 1767 1809 torvis
1786 1792 1806 1824 ‚

301 1886 337 1918 «
384 1854 953 1959 Quandoquidem
979 1860 1051 1932 in
1075 1876 1299 1960 partes
1317 1914 1337 1948 ‚
1366 1860 1490 1947 ait,
1520 1859 1835 1948 attrahor,
1862 1859 2114 1962 accipe,
2141 1860 2431 1950 Phineu,

301 2010 338 2041 »
380 1977 606 2074 Quem
633 1980 848 2055 fecisti
877 1981 1138 2054 hostem
1169 2010 1185 2068 ;
1221 2008 1557 2082 pensaque
1586 1980 1720 2054 hoc
1745 1980 2016 2056 vulnere
2045 1980 2304 2057 vulnus.
2344 2017 2379 2049 »
2473 2066 2481 2072 ·

293 2102 585 2205 Jamque
619 2105 1017 2179 remissurus
1049 2121 1332 2178 tractum
1365 2104 1446 2179 de
1479 2132 1758 2206 corpore
1789 2102 2030 2194 telum,
2364 2126 2433 2200 95

294 2226 644 2322 Sanguine
679 2228 970 2303 desectos
1001 2228 1238 2303 cecidit
1268 2227 1603 2331 collapsus
1637 2230 1707 2302 in
1742 2246 1943 2304 artus,

403 2351 536 2422 Hic
571 2379 839 2453 quoque
877 2351 1267 2453 Cephenum
1300 2371 1460 2453 post
1490 2380 1710 2448 regem
1745 2352 1999 2455 primus
2035 2353 2282 2445 Odites·

289 2475 485 2548 Ense
513 2473 687 2573 jacet
723 2473 1021 2576 Clymeni
1040 2504 1059 2566 ;
1087 2476 1451 2553 Protenora
1484 2476 1772 2577 perculit
1806 2478 2158 2579 Hypseus;

291 2671 435 2742 ph23
476 2672 661 2726 conset
693 2673 801 2727 ΧΠ
821 2712 836 2741 ,
882 2675 993 2730 235.
1017 2702 1085 2715 —
1105 2675 1325 2743 Insoeffl‘t

294 2756 413 2804 vim
433 2749 658 2805 Lenzius
679 2752 894 2822 explicat
909 2792 924 2820 ‚
943 2753 1099 2823 fregit
1116 2753 1170 2806 in
1187 2753 1319 2805 viro.

294 2829 488 2884 Potius
524 2829 839 2900 capiendum
857 2870 872 2898 ,
910 2841 971 2884 ut
1007 2832 1064 2884 in
1093 2831 1321 2885 formula

290 2909 572 2979 iufringere
586 2915 841 2979 colaphos.
867 2910 1038 2965 Versu
1070 2931 1156 2965 ιιι
1182 2950 1197 2978 ,
1222 2930 1321 2982 pro

294 3006 364 3041 eo
387 2991 596 3042 illidere.
622 2988 733 3042 ΧΠ
750 3028 765 3056 ,
793 2991 917 3057 237,
951 3000 1151 3042 cratera
1184 2993 1327 3044 misit

293 3071 352 3118 in
376 3086 486 3119 ora.
506 3094 575 3110 —
590 3068 819 3120 Rutilum
841 3078 937 3120 etc.
963 3065 1176 3119 AEneid.
1208 3067 1285 3120 IX
1301 3105 1317 3135 ,

296 3145 405 3216 349
424 3162 751 3214 :pnrpuream
769 3149 928 3197 wmit
944 3148 1035 3197 ille
1054 3148 1276 3197 animan
1294 3161 1317 3207 ‚⁶

298 3224 531 3278 Homer.
568 3223 631 3278 ll.
660 3229 730 3290 Ξ,
777 3223 872 3293 437
897 3243 911 3277 :
933 3230 1183 3289 κελαινεφὲς
1214 3222 1320 3293 αἷμ’

264 3322 271 3327 ”
296 3306 574 3374 &flunm-

363 3384 450 3439 88.
476 3386 812 3449 Adnue-{055
842 3383 1000 3453 vulgo
1022 3390 1276 3437 extructos
1294 3424 1309 3448 ,

297 3462 447 3534 qnod
472 3462 670 3517 habent
690 3464 858 3517 nostri
902 3460 1070 3533 Regii.
1093 3489 1161 3503 —
1190 3462 1320 3516 Ad-

293 3550 491 3595 sit-uem
505 3582 520 3605 ‚
545 3552 747 3595 struere
766 3580 781 3608 ‚
806 3540 1091 3595 cumulare.
1113 3567 1182 3582 —-
1196 3543 1322 3594 Ca!-

295 3639 419 3674 σω
429 3638 648 3691 corpora
666 3659 682 3686 ,
701 3620 756 3673 in
773 3620 954 3689 primis
967 3628 1123 3688 caput
1138 3628 1190 3672 et
1211 3636 1321 3672 cer-

295 3699 471 3752 vicem
489 3737 506 3765 ‚
534 3716 563 3751 e
601 3696 794 3751 ferocia
827 3697 1086 3750 victorum
1113 3695 1320 3765 prisco-

293 3794 439 3828 rum.
474 3776 673 3830 Passim
699 3774 834 3845 apud
862 3774 1163 3828 Homerum
1189 3814 1204 3839 ‚
1234 3776 1321 3842 λὸξ

292 3881 326 3909 ae
382 3862 588 3922 σθαίνει,
624 3864 715 3908 aut
740 3858 828 3923 λὰξ
864 3858 910 3907 ἕν
944 3859 1130 3914 στήθεσι
1152 3860 1319 3923 βαίνει.

291 3880 512 3986 ἕηείἆ.
531 3934 581 3986 Χ
595 3973 611 4000 ,
640 3935 736 4005 495
765 3951 779 3985 ε
808 3936 930 3984 levo
941 3934 1137 4000 pressi!
1141 3934 1319 3998 pede...

290 4013 617 4066 Exanimem.
659 4011 805 4065 Hinc
847 4020 901 4064 et
945 4011 998 4063 in
1040 4008 1321 4062 venatione

291 4090 425 4143 sere
449 4089 736 4144 nobiliores
768 4099 942 4143 stratu
975 4088 1320 4142 calcabantur.

290 4162 441 4222 'vul
461 4207 476 4235 ,
498 4170 611 4235 425.
632 4166 770 4221 Vide
792 4166 1080 4221 Brut-kima.
1101 4165 1164 4219 ad
1186 4166 1323 4219 Pro-

294 4246 562 4318 pertium,
587 4246 613 4299 1
632 4285 647 4313 ,
674 4262 727 4312 1,
759 4248 818 4318 4,
844 4246 933 4300 ubi
958 4246 1024 4299 ad
1061 4246 1319 4305 Amorem
1356 4240 1363 4251 ⁴

296 4324 405 4380 hoc
426 4324 755 4383 translatum.

1479 2693 1564 2747 90.
1599 2677 1787 2738 Error,
1815 2676 2071 2748 ἇμάρτημα
2087 2715 2103 2742 ,
2129 2694 2296 2745 quum
2320 2680 2435 2746 quis

1415 2768 1528 2804 non
1549 2752 1672 2805 serit
1689 2770 1920 2822 scopum.
1969 2751 2244 2807 Claudiana.
2278 2753 2432 2824 Rapt.

1418 2828 1494 2896 ll,
1527 2831 1637 2896 134,
1656 2836 1705 2882 le
1717 2832 2079 2897 deciperant
2090 2849 2237 2885 error.
2257 2831 2433 2885 Etiam

1418 2906 1556 2977 apud
1575 2907 1877 2960 Homerum
1892 2906 2161 2960 interdum
2182 2927 2333 2961 error
2348 2909 2433 2962 de·

1417 2985 1522 3038 sert
1545 2985 1710 3038 telum
1733 2986 1789 3037 in
1815 2984 2002 3052 alium,
2030 2996 2091 3040 ut
2117 2986 2177 3041 ΙΙ.
2199 2996 2270 3053 θ,
2296 2987 2434 3039 302-

1418 3063 1532 3115 311.
1555 3090 1624 3103 —-
1639 3064 1835 3130 Expers
1855 3067 2001 3128 belli,
2026 3074 2125 3132 πῃ.
2140 3063 2250 3119 XII
2265 3104 2282 3133 ‚
2306 3065 2432 3131 320,

1416 3139 1668 3211 Aphidas.

1478 3221 1560 3293 93.
1576 3223 1639 3273 Ia
1645 3228 1822 3288 parles
1835 3264 1849 3285 ,
1887 3222 1944 3275 in
1961 3222 2227 3279 sactiones.
2253 3226 2352 3278 Ed.
2367 3251 2434 3264 «-

1416 3300 1670 3353 Attmkor
1682 3320 1711 3354 e
1735 3302 2038 3356 melioribus
2050 3302 2276 3372 praetulit
2293 3302 2436 3354 Bur-

1414 3396 1645 3432 mannus
1671 3389 1736 3452 τῷ
1765 3384 2041 3434 abstrahor.
2083 3382 2286 3434 Nostris
2312 3379 2437 3434 (Σο-ε

1394 3455 1616 3511 'dicibus
1637 3468 1714 3511 est
1735 3462 1976 3512 attrahor.
1989 3486 2053 3499 —
2067 3462 2329 3526 pensaque
2337 3461 2435 3512 hoc

1413 3541 1616 3590 vulaeeoe
1641 3540 1860 3601 ωἱπως
1895 3537 2067 3607 accipe
2103 3537 2294 3589 vulnus
2335 3557 2432 3606 pro

1415 3613 1517 3668 hoe
1551 3614 1770 3667 vulnere
1797 3652 1813 3681 ,
1852 3614 1991 3682 quod
2029 3615 2159 3667 mihi
2196 3614 2430 3668 intulisti.

1419 3693 1610 3762 Quum
1634 3693 1781 3747 enim
1803 3695 1918 3763 quis
1939 3694 2061 3748 facit
2077 3734 2093 3761 ‚
2127 3704 2187 3748 ut
2210 3694 2328 3749 duae
2351 3715 2433 3748 res

1416 3794 1566 3845 pares
1589 3774 1696 3828 sint
1715 3813 1730 3841 ,
1756 3784 1870 3828 tum
1883 3794 2099 3842 pensare
2120 3775 2335 3830 alteram
2359 3775 2436 3829 al-

1418 3862 1528 3907 tera
1543 3852 1736 3908 dicitur
1755 3881 1822 3894 —
1840 3855 2084 3922 Deseclos
2096 3896 2108 3915 ‚
2134 3854 2407 3908 destitutos
2419 3894 2435 3917 ,

1417 3932 1645 4000 privatos
1659 3950 1673 3983 t
1689 3930 1807 3985 vide
1826 3930 2184 3986 Schwarzium
2200 3930 2262 3984 ad
2278 3931 2437 3985 Plinii

1419 4013 1680 4082 Panegyr.
1705 4011 1784 4064 26.

1482 4109 1563 4161 97.
1576 4091 1680 4141 Hic
1691 4108 1880 4157 quoque
1897 4090 2174 4158 Cephenum
2191 4099 2288 4143 etc.
2301 4089 2437 4143 Hac·

1417 4175 1574 4219 tenus
1588 4185 1709 4219 cum
1734 4185 1843 4219 uno
1866 4168 2061 4221 Perseo
2084 4187 2284 4237 pugna:
2311 4165 2435 4221 hinc

1419 4262 1565 4298 arma
1572 4256 1855 4300 vertuntur
1866 4255 1919 4300 et
1933 4245 2311 4316 inCephenum
2320 4264 2437 4316 pro·

1417 4342 1577 4379 ceres.
1592 4351 1658 4367 --
1672 4328 1800 4380 Post
1807 4345 1966 4393 regen
1978 4330 2185 4394 primus.
2213 4325 2346 4395 Regi
2362 4323 2437 4375 di·
