3217 5134
771 473 908 567 294

1347 474 1425 537 P.
1477 471 1844 540 OVIDII
1889 472 2343 542 NASONIS

767 616 1084 700 Pacatus,
1120 611 1472 714 mitisque,
1511 629 1755 707 rogant
1786 611 2188 700 Ismenides„
2222 611 2441 700 adsis;

762 730 807 803 J
814 759 1091 831 ussaque
1128 756 1311 803 sacra
1342 727 1618 804 colunt:
1656 727 1814 803 solat
1845 728 2222 831 Minyeides
2252 728 2437 803 intus
2464 784 2485 817 ‚

765 847 1239 948 Intempestiva
1270 844 1616 920 turbantes
1642 844 1809 919 festa
1844 846 2149 951 Minerva
2169 901 2191 934 ‚

762 965 906 1038 Aut
937 963 1193 1037 ducunt
1226 961 1446 1050 lanas»,
1483 979 1601 1036 aut
1636 961 1919 1036 stamina
1944 961 2189 1064 pollice
2220 979 2523 1049 versant,

766 1079 911 1152 Aut
945 1078 1197 1151 haerent
1229 1075 1410 1165 telae,
1442 1074 1857 1179 famulasque
1892 1076 2241 1153 laboribus
2270 1095 2531 1175 urgent.
2841 1100 2902 1153 35

767 1198 829 1271 E
864 1194 1110 1295 quibus
1148 1222 1279 1267 una
1314 1191 1442 1267 levi
1479 1191 1814 1267 deducens
1847 1193 2091 1297 pollice
2125 1194 2313 1269 filum
2334 1252 2354 1283 ,

773 1319 955 1393 Dum
989 1334 1249 1392 cessant
1273 1314 1414 1390 aliae
1432 1372 1452 1404 ‚
1490 1334 1995 1420 commentaque
2024 1345 2210 1392 sacra
2240 1318 2667 1421 frequentant
2694 1374 2716 1405 ,

784 1477 820 1509 «
857 1445 1003 1516 Nos
1040 1470 1309 1544 quoque
1329 1498 1348 1529 ‚
1388 1470 1552 1543 quas
1577 1441 1798 1518 Pallas
1819 1499 1839 1531 ‚
1871 1441 2110 1518 melior
2136 1445 2312 1531 Dea,
2341 1443 2629 1534 detinet,
2660 1443 2901 1546 inquit,

769 1599 809 1633 >›
853 1564 1037 1639 Utile
1067 1593 1239 1666 opus
1269 1594 1586 1641 manuum
1617 1567 1802 1640 vario
1837 1595 2140 1642 sermone
2175 1566 2504 1656 levemns3

771 1722 810 1755 »
849 1690 1114 1790 Perque
1142 1686 1319 1763 vices
1353 1687 1608 1790 aliquid
1628 1744 1648 1778 ‚
1684 1689 1873 1791 quod
1904 1707 2206 1792 tempora
2238 1688 2444 1787 longa
2476 1688 2689 1764 videri
2846 1709 2910 1779 4ο

766 1903 947 1957 altero.
961 1904 1207 1957 —Immo
1224 1901 1383 1957 lectio
1396 1903 1627 1971 Heia-ji,
1639 1922 1797 1959 sensu

766 2004 951 2037 carens
962 2025 979 2051 ,
995 1996 1189 2038 nostrae
1203 1983 1553 2054 explanationi
1571 1984 1797 2037 omnino

769 2073 1044 2132 repugnat.
1069 2064 1168 2116 Ed.

828 2141 908 2194 31.
934 2143 1163 2193 Pacatus
1184 2159 1245 2193 ex
1261 2158 1373 2193 uno
1395 2134 1592 2209 recepit
1616 2137 1796 2191 Hein-

764 2216 869 2270 sius
897 2236 993 2285 pro
1005 2220 1283 2284 placalus5
1324 2214 1388 2269 de
1424 2215 1520 2269 hac
1541 2215 1794 2268 varietate

764 2294 989 2346 solemni
1006 2293 1124 2346 vide
1145 2293 1384 2346 Lambin.
1410 2292 1474 2346 ad
1499 2292 1710 2345 Lucret.
1734 2292 1794 2360 I,

763 2394 812 2445 9.
842 2400 910 2411 —
946 2371 1124 2425 Nostri
1161 2371 1312 2441 Regii
1349 2368 1550 2424 habent
1581 2389 1793 2440 quoque

753 2455 1010 2517 placalus.
1046 2477 1113 2490 —
1137 2451 1364 2501 Pacatus
1387 2457 1442 2502 et
1462 2452 1602 2500 milit
1621 2488 1635 2509 ,
1688 2468 1794 2500 vo-

763 2528 946 2581 cabula
980 2527 1236 2581 solemnia
1276 2527 1329 2579 in
1372 2526 1795 2580 invocationibus

763 2608 1023 2660 Deorum.
1041 2634 1107 2645 —
1121 2609 1329 2672 Rogant
1340 2606 1634 2657 Ismenides.
1645 2603 1796 2657 'rhe-

759 2688 912 2741 banae
962 2698 1185 2751 matres,
1234 2694 1293 2738 ut
1334 2684 1452 2738 felix
1489 2684 1794 2754 faustusque

768 2763 903 2819 adsis
918 2805 934 2831 ,
959 2774 1262 2835 precantur.
1284 2765 1383 2816 Ed.

830 2845 910 2898 32.
929 2847 1077 2899 Solas
1094 2843 1185 2897 has
1204 2841 1326 2897 Deo
1342 2841 1636 2895 adversatas
1650 2861 1760 2896 esse
1777 2882 1792 2909 ,

765 2934 952 2977 monet
977 2923 1134 2976 etiam
1165 2921 1418 2974 AElianus.
1441 2946 1509 2960 —
1528 2922 1703 2987 Intus;
1737 2919 1795 2973 in

763 3002 988 3069 edibus,
1017 3022 1184 3071 quum
1213 3002 1428 3072 reliquae
1454 3000 1704 3055 mulieres
1737 3001 1793 3055 in

770 3081 1076 3136 Cithaerone
1114 3082 1514 3136 baccharentur.
1546 3104 1616 3123 -·-·
1656 3084 1795 3134 Tm*-

762 3163 907 3217 barc.
935 3161 1211 3229 profanare
1235 3158 1374 3228 quod
1394 3198 1410 3227 ,
1442 3158 1571 3231 390,
1598 3158 1793 3212 substi-

762 3236 945 3289 tuitur.
967 3233 1077 3289 Cic.
1101 3236 1170 3289 H.
1191 3236 1253 3288 R„
1279 3236 1337 3288 15
1359 3255 1539 3288 :sacta
1555 3239 1797 3305 ludosque

766 3318 1095 3375 conturbat&
1123 3312 1381 3382 Quinctil.
1400 3312 1548 3365 Decl.
1567 3314 1798 3382 255,pa-

762 3396 901 3447 blica
928 3412 1084 3446 sacra
1115 3395 1328 3445 turbare.
1351 3419 1420 3431 —
1440 3393 1798 3459 Intempestive

765 3474 1013 3530 Hem-ma.
1043 3491 1210 3541 quum
1221 3470 1394 3524 alieno
1411 3480 1651 3540 tempore
1665 3489 1796 3541 ope-

767 3569 883 3604 ram
914 3550 1103 3604 darent
1139 3549 1397 3618 lanificio,
1437 3549 1521 3603 cui
1547 3548 1796 3604 Minerva

765 3639 1003 3698 preerat.
1024 3628 1217 3682 AElian.
1243 3635 1297 3684 αἱ
1311 3634 1397 3698 μὶν
1420 3637 1521 3703 περὶ
1543 3638 1644 3713 rafae
1669 3635 1797 3695 ἱςούς

764 3715 893 3775 dxcv
927 3715 1007 3760 καὶ
1046 3710 1274 3762 ‘’rauna-m
1315 3715 1415 3783 repe*
1451 3715 1532 3769 τὴν
1571 3709 1796 3782 Εργᾶνην.

774 3787 953 3837 Tea-lis
984 3789 1187 3851 operari
1203 3786 1444 3837 Alina-90
1464 3782 1594 3836 dixit
1619 3784 1793 3839 Tibul.

764 3862 819 3917 Π
838 3901 854 3930 ,
881 3879 901 3914 1
916 3903 931 3929 ‚
952 3863 1038 3917 65.
1058 3888 1129 3902 -
1148 3861 1259 3914 Au!
1279 3865 1516 3915 ducunt...
1538 3864 1795 3915 Iabon'bus

763 3947 941 4007 urgent
951 3981 965 4004 ‚
994 3941 1180 4011 triplex
1197 3939 1488 3992 mulierum
1503 3958 1796 4009 graecarum

760 4035 905 4085 opus.
930 4046 997 4057 -
1024 4020 1237 4071 Ducum!
1257 4021 1424 4071 lanas.
1456 4016 1577 4072 Vid.
1605 4016 1672 4071 ad
1700 4019 1752 4073 ΙΙ
1775 4059 1792 4086 ,

764 4098 820 4160 4¹
836 4113 877 4146 1.
925 4096 1137 4150 Plenius
1183 4093 1462 4150 Claudian.
1500 4114 1572 4150 xx
1603 4136 1622 4165 ‚
1656 4097 1792 4151 385:

772 4174 972 4224 Vellera
986 4192 1083 4240 per
1103 4181 1273 4227 lennes
1279 4174 1701 4242 serriproducen·
1710 4180 1795 4228 ri·-

752 4270 879 4304 mas.
897 4278 963 4293 --
986 4255 1196 4307 Versata·
1211 4272 1241 4306 a
1271 4252 1488 4308 lanificis
1510 4252 1709 4308 dicitur
1738 4265 1794 4309 et

1893 1914 2088 1961 stamen
2107 1948 2122 1969 ,
2162 1906 2311 1960 filum
2329 1945 2346 1973 ,
2372 1917 2427 1961 et
2448 1905 2614 1973 susus
2633 1946 2649 1965 ‚
2696 1915 2760 1959 ut
2785 1925 2905 1969 2213

1895 1985 2005 2039 Vll
2024 2024 2042 2052 ,
2069 2006 2130 2038 aa
2151 2006 2165 2049 ;
2207 1983 2384 2039 Tibul.
2408 1984 2463 2039 Π
2484 2024 2500 2051 ,
2530 2001 2553 2038 1
2573 2021 2589 2045 ‚
2626 1984 2695 2051 64
2717 2003 2731 2036 :
2755 1986 2907 2037 Fusus

1891 2068 2122 2133 apposilo
2140 2067 2333 2132 pollice
2360 2070 2534 2117 mssa!
2551 2081 2696 2130 opus.
2713 2064 2908 2115 —He-

1890 2150 2005 2195 ren!
2024 2142 2100 2197 rei
2128 2181 2145 2209 ,
2184 2153 2276 2196 aut
2306 2142 2362 2195 in
2385 2162 2443 2195 re
2470 2141 2672 2210 aliqua,
2706 2142 2797 2211 qui
2817 2159 2907 2193 ze-

1893 2218 2020 2272 dulo
2041 2239 2160 2273 eam
2181 2230 2421 2274 tractant.
2445 2221 2647 2272 [ἴσην-ε
2661 2223 2719 2271 in
2740 2220 2905 2281 laris,
2950 2244 2959 2251 ·

1895 2297 2007 2353 Cic.
2028 2299 2184 2353 Attic.
2201 2300 2340 2354 XIII
2358 2338 2375 2368 ,
2400 2301 2459 2367 43
2484 2301 2689 2353 Herem
2708 2303 2765 2352 1⁶ae
2767 2298 2898 2368 jum,

1894 2375 2046 2431 Orat.
2072 2376 2130 2443 Ι,
2161 2377 2241 2430 38.

1959 2453 2038 2508 36.
2073 2454 2191 2506 Una
2205 2495 2219 2517 ‚
2247 2452 2527 2523 Leucippe.
2548 2480 2617 2494 -·
2632 2454 2908 2505 Dedecere:

1892 2532 2011 2586 vide
2034 2531 2097 2585 ad
2121 2532 2179 2600 1,
2205 2538 2253 2599 4.
2274 2560 2343 2575 ·-
2364 2534 2712 2598 Levipollice.
2735 2530 2907 2595 utv1,

1895 2631 1974 2664 22.
1991 2611 2250 2665 Hercules
2263 2622 2448 2664 contra
2463 2648 2477 2676 ‚
2499 2608 2664 2680 Epist.
2684 2609 2764 2663 lx
2781 2648 2797 2674 ,
2824 2627 2906 2679 77:

1892 2707 2070 2741 crassa
2092 2692 2296 2742 robusto
2315 2690 2831 2756 deduceipollekefila.
2848 2713 2910 2724 —

1891 2767 2059 2819 filum
2085 2765 2285 2819 habent
2307 2765 2470 2819 nostri
2496 2764 2666 2836 Regii.
2692 2763 2909 2819 Duode-

1891 2843 1997 2897 cim
2017 2882 2033 2910 ‚
2057 2842 2272 2910 susm,
2311 2854 2371 2897 ut
2402 2842 2514 2910 VI,
2554 2864 2647 2907 υς
2679 2841 2773 2897 sed
2799 2840 2908 2895 vide

1892 2920 2271 2975 Burmannum
2300 2920 2366 2975 ad
2404 2921 2585 2975 Amor.
2622 2921 2683 2989 Ι,
2716 2937 2846 2987 m,
2870 2939 2911 2990 7.

1890 3026 1960 3055 —-
1982 3002 2194 3053 Deliae!
2201 3041 2216 3063 ‚
2242 2998 2471 3053 lanificio
2492 3010 2768 3070 occupatas
2793 2998 2911 3052 reti-

1876 3074 2003 3132 ‘net.
2039 3077 2216 3131 Etiam
2245 3078 2309 3132 ab
2333 3078 2534 3133 Anton.
2561 3097 2667 3133 vrr.
2707 3086 2910 3155 fss‘pvss·

1892 3183 1958 3198 --
1986 3157 2128 3226 Opus
2148 3160 2360 3215 levemus
2378 3156 2486 3227 ipse
2512 3156 2733 3227 explicat
2748 3197 2765 3225 ,
2792 3158 2921 3227 qnod

1892 3243 2113 3303 tempora
2124 3239 2278 3303 longa
2292 3239 2461 3289 viden·
2474 3238 2585 3289 Non
2600 3242 2760 3292 sebai.
2780 3235 2915 3290 Infra

1894 3317 1992 3387 ²95
2007 3355 2022 3381 ‚
2046 3315 2120 3370 sic
2141 3321 2361 3368 :timuere
2379 3318 2635 3378 laborem:
2674 3315 2756 3369 vl
2776 3354 2794 3383 ,
2821 3315 2884 3369 60
2897 3353 2912 3379 ,

1876 3392 2071 3461 fallere
2098 3399 2352 3457 labomnm·
2390 3394 2547 3448 Trist
2581 3392 2697 3461 IV,
2724 3410 2747 3446 1
2765 3434 2783 3463 ‚
2827 3393 2914 3458 13,

1891 3472 2157 3526 cantando
2179 3474 2401 3525 Fallitur
2412 3474 2615 3526 anct’llae
2644 3474 2915 3540 decipitne-

1891 3570 1986 3619 qne
2016 3555 2195 3614 labem·
2242 3549 2367 3604 ibid.
2392 3550 2451 3618 Ι,
2493 3550 2556 3617 6,
2584 3569 2742 3618 grave
2762 3552 2919 3603 nolli!

1891 3649 2031 3698 opus.
2097 3628 2251 3683 Adeo
2294 3629 2490 3685 Noster
2535 3626 2638 3682 hoe
2684 3627 2914 3681 variavit.

1893 3707 2077 3779 virgil.
2105 3706 2299 3778 Georg.
2332 3708 2357 3762 1
2378 3745 2395 3775 ,
2423 3706 2520 3780 293
2539 3745 2555 3773 ‚
2582 3715 2767 3760 texens
2790 3704 2913 3759 m'u-

1889 3786 1990 3841 lier
2025 3791 2226 3855 longum
2267 3793 2423 3841 cantu
2456 3789 2657 3839 solatur
2685 3789 2914 3851 laborem.

1893 3863 2002 3919 Sed
2033 3884 2157 3918 cum
2184 3862 2420 3919 hocloco
2444 3862 2630 3918 confer
2652 3863 2710 3916 in
2738 3860 2911 3932 primis

1891 3940 2086 4013 Georg.
2113 3941 2195 3996 lv
2212 3982 2227 4009 ,
2253 3941 2381 4008 345,
2406 3941 2495 3996 ubi
2532 3938 2799 4013 Clymene
2821 3938 2910 3991 in-

1889 4030 1973 4074 ter
1997 4037 2204 4074 sorores
2235 4019 2426 4073 vellera
2458 4028 2737 4089 carpentes
2760 4016 2908 4070 Deo-

1890 4116 2016 4151 rum
2049 4117 2257 4151 amores
2293 4107 2486 4151 narrat.
2519 4125 2587 4137 —
2627 4099 2784 4151 Vario
2808 4112 2908 4147 set·-

1891 4197 2065 4238 mone,
2106 4176 2260 4231 variis
2297 4176 2493 4231 sabellis
2518 4175 2743 4231 vidaeim
2780 4192 2906 4228 nar-

1890 4254 2084 4311 randis.
2118 4283 2184 4299 -
2217 4257 2459 4323 Vacuus,
2502 4274 2615 4309 non
2642 4262 2906 4324 occupatas
