3217 5134
612 553 761 619 ME
781 548 1667 619 TAMORPHOSEON
1720 552 1908 619 LIB.
1955 555 2110 621 111.

2304 562 2438 651 259

286 696 494 796 Spem
509 694 653 768 sine
673 720 956 794 corpore
970 709 1147 766 amat
1161 720 1178 764 :
1193 718 1440 793 corpus
1456 708 1654 792 putat
1672 718 1836 780 esse,
1856 693 2042 793 quod
2057 695 2296 771 umbra
2312 716 2431 773 est.

288 811 637 912 Adstupet
669 810 816 911 ipse
848 809 981 883 sibi
1001 864 1021 898 ‚
1055 807 1380 910 vultuque
1413 807 1732 882 immotus
1766 809 2003 883 eodem

289 930 524 1002 Haeret
544 983 563 1015 ‚
600 944 677 999 ut
711 956 748 999 e
784 925 983 1000 Pario
1023 923 1381 998 formatum
1415 950 1743 1000 mamore
1776 925 2062 1021 signum.

290 1045 570 1145 Spectat
601 1042 792 1117 humi
826 1040 1093 1142 positus
1127 1038 1499 1136 geminum,
1537 1070 1654 1116 sua
1692 1041 1976 1135 lumina,
2015 1044 2238 1137 sidus,
2340 1070 2440 1137 420

284 1164 385 1235 Et
419 1160 660 1257 dignos
691 1158 997 1247 Baccho,
1037 1157 1279 1253 dignos
1310 1176 1379 1233 et
1410 1158 1730 1260 Apolline
1769 1161 2020 1252 crines,

287 1279 745 1381 Impubesque
778 1304 978 1374 genas
998 1332 1018 1364 ‚
1052 1294 1122 1349 et
1152 1276 1444 1351 eburnea
1476 1275 1680 1366 colla,
1718 1278 2054 1380 decusque

291 1398 459 1474 Oris
481 1454 500 1486 ,
531 1415 599 1471 et
634 1396 703 1470 iu
729 1396 925 1469 niveo
957 1394 1239 1467 mixtum
1273 1394 1563 1468 candore
1587 1394 1902 1469 ruborem
1928 1425 1944 1484 3

289 1519 685 1616 Cunctaque
718 1513 1027 1599 miratur,
1067 1510 1317 1611 quibus
1351 1527 1453 1584 est
1477 1509 1804 1584 mirabilis
1836 1542 1851 1585 :
1887 1512 2033 1613 ipse

286 1633 381 1706 Se
416 1632 604 1733 cupit
637 1630 1060 1731 imprudens;
1099 1647 1199 1719 et,
1236 1627 1354 1728 qui
1386 1626 1661 1729 probat,
1695 1626 1806 1702 ille
1841 1628 2215 1729 probatum

286 1828 464 1884 verbis
477 1829 736 1898 subjectis.
746 1858 813 1868 —
824 1830 983 1895 Spem.
998 1826 1183 1894 Pauci,
1195 1847 1313 1888 rem,

287 1908 550 1978 probante
582 1907 822 1960 Heinsio.
842 1906 949 1960 Sed
974 1905 1317 1963 Burmannus

286 1997 432 2039 recte
458 1995 644 2038 monet
665 2025 681 2050 ,
722 2004 822 2037 rem
864 1984 1059 2053 opponi
1099 1983 1314 2052 quidem

292 2064 498 2117 umbrae
519 2072 608 2116 aut
628 2062 853 2129 nomini,
875 2080 986 2115 non
1008 2072 1184 2113 autem
1200 2080 1316 2113 cor-

288 2142 426 2211 pori.
440 2169 506 2180 —
526 2142 745 2205 Umbra,·
778 2138 1001 2193 Codices
1020 2138 1172 2207 Regii
1190 2139 1237 2190 A
1260 2149 1316 2192 et

288 2218 338 2273 B
376 2217 574 2272 babent
617 2221 770 2271 unda.
830 2217 960 2269 Haec
1002 2215 1154 2268 lectio
1202 2234 1311 2267 non

288 2298 592 2369 spernenda
612 2297 855 2362 videtur,
898 2306 952 2349 et
993 2296 1162 2365 aptior
1193 2294 1315 2347 huie

287 2378 408 2432 loco
426 2416 441 2443 ,
468 2377 560 2430 ubi
581 2376 752 2445 agitur
769 2373 836 2428 de
861 2374 1087 2443 imagine
1115 2392 1232 2442 quae
1255 2373 1311 2426 in

289 2454 435 2508 unda
487 2452 785 2506 delineatur
812 2473 825 2515 3
868 2462 1098 2504 attamen
1137 2450 1274 2503 infra
1292 2488 1309 2517 ,

287 2552 446 2586 versu
484 2532 581 2598 434
598 2571 613 2596 ,
642 2530 831 2599 legitur
854 2534 1026 2581 umbra
1047 2535 1137 2581 esl.
1165 2525 1265 2581 Ed.

355 2609 469 2677 4¹8.
486 2608 742 2674 Adempet
760 2611 869 2674 ψη
877 2609 992 2659 sibi.
1009 2603 1308 2672 Pausanias,

285 2687 428 2741 dicto
453 2687 568 2740 loco
584 2725 599 2750 ‚
637 2684 919 2737 absurdum
946 2683 1046 2736 hoc
1071 2682 1310 2752 figmen-

286 2776 402 2818 tum
439 2783 550 2817 esse
575 2761 811 2833 judicat;
847 2762 1123 2814 neminem
1161 2761 1310 2814 enim

287 2854 406 2896 tam*
429 2839 677 2895 stolidum
718 2858 828 2892 esse
850 2877 865 2904 ‚
910 2850 971 2892 ut
1008 2838 1088 2891 sui
1128 2854 1310 2892 amore

285 2922 556 2991 capiatur,
598 2917 977 2987 hominemque
1016 2917 1081 2969 ab
1121 2917 1320 2970 umbra-

286 2999 589 3053 discernere
635 3006 882 3064 nequeat.
933 2992 1084 3063 Quid
1131 3003 1310 3047 autern

287 3077 526 3133 Noster?
551 3078 602 3130 Is
627 3094 691 3128 eo
715 3075 786 3127 ita
808 3073 1095 3127 delectatus
1112 3083 1190 3125 est
1206 3111 1221 3138 ,
1251 3082 1311 3125 ut

287 3154 628 3209 intolerabilis
665 3152 977 3223 garrulitatis
1011 3151 1308 3219 exemplum

287 3233 441 3286 nobis
463 3230 755 3299 reliquerit,
772 3248 948 3297 neque
964 3228 1307 3297 voluptatem,

286 3310 378 3366 sed
423 3308 646 3368 tedium
697 3307 976 3361 lectoribus
1034 3306 1307 3376 paraverit.

285 3392 518 3460 Semper
540 3388 604 3442 ad
629 3388 872 3443 eamdem
896 3388 1174 3441 notionem
1207 3406 1308 3441 re-

283 3468 544 3533 volvitur,
567 3466 697 3536 quin
714 3465 875 3532 adeo,
900 3483 1016 3534 quse
1039 3465 1145 3535 ipse
1166 3464 1310 3518 dixe-

279 3557 366 3600 rat
381 3583 400 3612 ,
423 3544 725 3598 Narcissum
742 3553 1073 3613 repetentem
1091 3541 1307 3596 inducit.

285 3624 505 3678 Diutius
529 3623 689 3677 etiam
706 3663 722 3689 ,
754 3641 912 3692 quam
936 3631 1138 3674 nature
1157 3620 1308 3673 veri-

281 3714 363 3757 tas
383 3700 614 3772 patitur,
660 3719 785 3754 eum
820 3700 922 3753 hoc
951 3717 1131 3753 errore
1156 3697 1309 3751 fasci-

283 3793 478 3836 natum
493 3790 657 3835 tenet.
669 3778 824 3832 Adde
843 3777 1028 3847 frigida
1043 3777 1306 3842 acumina,

283 3863 477 3931 quibus
508 3860 560 3914 h.
585 3859 619 3913 l.
642 3857 889 3913 distinxit.
923 3884 992 3898 -
1024 3858 1310 3924 Adrlupeoe

283 3942 489 3997 dictum
508 3981 524 4008 ,
549 3951 610 3994 ut
625 3943 906 4008 adgenere,
924 3941 1195 3998 adranam,
1217 3940 1307 3989 ad-

278 4023 457 4074 ludere
478 4018 646 4073 alicui.
682 4018 898 4089 Stupori
929 4016 1180 4070 convenit
1211 4034 1309 4066 vo—

279 4101 532 4155 cabulum
576 4103 769 4153 herem
801 4096 958 4169 Apud
996 4096 1141 4165 virg.
1181 4095 1307 4148 AEn.

283 4178 370 4232 v!
388 4218 406 4245 ,
433 4182 524 4246 47¹
549 4217 566 4245 ,
591 4178 774 4249 regina
795 4196 906 4231 non
931 4174 1080 4229 aliter
1110 4172 1304 4239 haeret,

283 4276 350 4311 ac
371 4262 428 4310 ,η’
450 4260 582 4309 dura
606 4259 738 4309 siles:
750 4297 765 4319 ,
803 4262 898 4308 aut
927 4260 1031 4306 ste!
1048 4254 1313 4319 Marpeseia

285 4338 372 4406 (in
398 4334 568 4406 Paro)
589 4343 778 4392 cantes.
795 4334 928 4392 lude
945 4334 1140 4389 Noster
1155 4331 1305 4395 fecit,

2333 1652 2435 1720 425

1412 1831 1471 1876 ut
1482 1843 1511 1875 e
1523 1824 1680 1875 Pario
1680 1822 1961 1888 formatum
1975 1844 2217 1879 marmore
2229 1834 2441 1894 signum.

1478 1904 1592 1967 4²⁰·
1627 1902 1892 1954 Geminum
1917 1907 2063 1955 st'dus
2077 1944 2090 1965 ‚
2122 1904 2221 1958 hoc
2246 1917 2323 1960 est
2345 1927 2443 1961 sua

1410 1982 1605 2030 lumina
1624 2019 1639 2041 ,
1683 1989 1772 2031 aut
1809 1980 1879 2033 sic
1909 2000 2043 2035 :sua
2081 1987 2275 2037 Iumina
2312 1998 2439 2039 tan·-

1412 2074 1570 2125 quam
1596 2061 1844 2123 geminum
1867 2063 2027 2111 sidus.
2052 2087 2118 2099 —
2151 2062 2400 2132 Plerique
2419 2107 2432 2125 ,

1410 2156 1501 2189 ceu
1523 2139 1753 2197 lumba,·
1798 2137 2049 2192 Heinsius
2062 2160 2219 2207 vero,
2246 2142 2437 2196 Beho—

1412 2214 1548 2266 tium
1557 2215 1613 2267 in
1630 2213 1901 2284 Apophor.
1916 2218 2337 2285 sequutus‚dedit
2346 2240 2441 2274 sua

1409 2296 1627 2353 lumina,
1678 2293 1825 2346 malit
1867 2304 2044 2348 tamen
2081 2301 2181 2349 duo
2215 2301 2435 2364 lumina,

1410 2369 1551 2439 quod
1569 2371 1738 2440 placet
1756 2381 1810 2424 et
1826 2371 2150 2427 Schirachio.
2170 2374 2433 2430 Burman·

1409 2466 1510 2501 nus
1533 2450 1745 2519 praesert
1779 2451 2118 2521 Zinzerlingii
2159 2456 2436 2523 conjectu-

1408 2544 1521 2579 ram
1540 2566 1555 2591 ,
1591 2533 1841 2595 ,genuinum
1856 2568 1869 2590 ,
1903 2550 1993 2582 ceu
2027 2532 2220 2594 sidera,
2253 2537 2434 2589 lumen.

1407 2630 1475 2646 —-
1515 2604 1654 2658 Cod.
1681 2607 1749 2661 R.
1776 2608 1855 2675 A,
1881 2626 2013 2671 ηιμ·
2048 2610 2112 2664 R.
2135 2612 2209 2678 Β,
2235 2633 2339 2667 ceu.
2369 2642 2436 2658 —-

1417 2682 1577 2737 Oculi
1614 2684 1905 2754 fulgentes,
1951 2687 2187 2741 siderum
2226 2690 2392 2745 instar
2416 2733 2432 2758 ,

1407 2772 1681 2832 ponuntur
1697 2763 1752 2815 in
1779 2765 2003 2817 maxima
2030 2767 2433 2834 pulchritudinis

1406 2850 1570 2909 parte.
1615 2838 1699 2894 Cs.
1738 2839 1884 2906 adl,
1925 2844 2037 2915 499.
2064 2869 2131 2883 —-
2156 2847 2343 2912 Apollo
2380 2859 2435 2901 et

1381 2928 1386 2933 ·
1405 2917 1647 2970 Bacchus
1670 2915 1955 2975 laudantur
1970 2936 1999 2971 a
2012 2919 2180 2987 poetis
2194 2922 2263 2974 ob
2280 2934 2426 2976 oetest

1407 3008 1534 3045 nam
1559 2993 1896 3062 juventutem
1920 3005 1974 3047 et
2009 2997 2429 3064 formositatem5

1405 3068 1770 3139 imprimisque
1800 3071 2110 3127 tribuuntur
2142 3075 2203 3129 iis
2226 3077 2433 3146 pulchri

1405 3158 1461 3200 et
1498 3149 1737 3218 promissi
1762 3150 1932 3219 capilli
1955 3169 1970 3204 z
1993 3152 2178 3209 Amor.
2226 3155 2252 3209 1
2272 3195 2287 3221 ,
2333 3159 2426 3224 ¹43

1407 3226 1755 3297 Martial.1V‚
1784 3228 1964 3301 Epigr.
1990 3248 2111 3285 xtv.
2138 3233 2283 3288 Hinc
2302 3236 2431 3289 Bac·

1404 3305 1533 3359 chus
1557 3311 1776 3375 εὖκὸμης,
1806 3315 2095 3385 χρυσοκόμης
2125 3322 2226 3365 etc.
2256 3340 2327 3353 -
2355 3316 2433 3366 Et

1404 3388 1616 3453 Agnou
1635 3384 1769 3439 cod.
1786 3387 1939 3457 Regii
1951 3388 2232 3442 hahentEt
2241 3392 2429 3457 digitos

1404 3464 1630 3518 Baccho.
1658 3466 1968 3520 Lectionem
2000 3469 2152 3521 istam
2181 3469 2429 3538 rejicien-

1406 3542 1532 3597 dam
1556 3545 1752 3598 merito
1781 3556 1960 3598 censet
1984 3546 2268 3610 Heinsius3
2302 3564 2429 3602 nam

1401 3621 1470 3675 de
1486 3621 1659 3692 digitis
1674 3621 1867 3676 Bacchi
1882 3622 2025 3676 nulla
2039 3622 2265 3678 hocloco
2277 3643 2425 3680 men*-

1404 3699 1479 3752 tio
1519 3697 1638 3752 fieri
1676 3709 1847 3769 potest
1869 3720 1884 3764 3
1932 3719 2118 3753 verum
2160 3700 2225 3756 de
2260 3705 2424 3759 comis

1403 3781 1519 3850 ejus
1534 3780 1722 3850 passim
1739 3777 1876 3848 apud
1893 3791 2097 3849 poetas,
2121 3780 2244 3836 hinc
2265 3783 2426 3836 etiam

1405 3859 1705 3928 ιἀῳσικὸμης
1726 3857 1894 3911 dictus
1916 3869 1969 3912 et
1995 3861 2243 3935 σἰθιωκᾶμης
2270 3859 2426 3914 Grn—

1403 3937 1491 3991 cis.
1516 3939 1618 3989 Ed.
1654 3962 1724 3977 --
1744 3939 2002 4005 Impubes,
2045 3939 2291 4008 lanugine
2327 3942 2427 3994 ob-

1405 4015 1601 4070 ductas.
1621 4044 1689 4057 —
1713 4018 1911 4081 Decus,
1944 4018 2243 4088 exquisitius
2265 4038 2426 4090 quam
2524 4077 2533 4087 ,

1404 4093 1755 4165 pulchritudo.
1793 4121 1862 4135 —
1900 4097 2098 4149 Melz-tus
2151 4097 2270 4151 alibi
2309 4100 2422 4155 sine

1404 4173 1623 4244 praeposi
1630 4172 1770 4225 tione
1795 4172 1984 4243 legitur
1999 4175 2082 4228 vel
2096 4195 2218 4230 cum
2240 4179 2395 4233 tertio
2410 4221 2425 4247 ,

1404 4255 1485 4309 vel
1503 4271 1626 4306 cum
1650 4262 1792 4305 sexto
1808 4272 1941 4307 casu.

1473 4336 1585 4403 425.
1627 4333 1690 4385 Sc
1710 4337 1859 4398 cupit.
1884 4332 1968 4387 De
1992 4354 2169 4403 cupeoe
2188 4347 2246 4390 et
2260 4344 2432 4403 petere
