<?xml version="1.0" encoding="UTF-8"?>
<!DOCTYPE html PUBLIC "-//W3C//DTD XHTML 1.0 Transitional//EN"
    "http://www.w3.org/TR/xhtml1/DTD/xhtml1-transitional.dtd">
<html xmlns="http://www.w3.org/1999/xhtml" xml:lang="en" lang="en">
 <head>
  <title>
</title>
<meta http-equiv="Content-Type" content="text/html;charset=utf-8" />
  <meta name='ocr-system' content='tesseract 3.04.00' />
  <meta name='ocr-capabilities' content='ocr_page ocr_carea ocr_par ocr_line ocrx_word'/>
</head>
<body>
  <div class='ocr_page' id='page_1' title='image "./publiusovidiusn01giergoog_0053.png"; bbox 0 0 3217 5134; ppageno 0'>
   <div class='ocr_carea' id='block_1_1' title="bbox 560 514 2476 639">
    <p class='ocr_par' dir='ltr' id='par_1_1' title="bbox 560 514 2476 639">
     <span class='ocr_line' id='line_1_1' title="bbox 560 514 2476 639; baseline 0 -1"><span class='ocrx_word' id='word_1_1' title='bbox 560 570 696 638; x_wconf 87' lang='lat' dir='ltr'><strong>DE</strong></span> <span class='ocrx_word' id='word_1_2' title='bbox 742 568 1093 636; x_wconf 83' lang='lat' dir='ltr'>OPERE</span> <span class='ocrx_word' id='word_1_3' title='bbox 1152 514 2240 637; x_wconf 63' lang='lat' dir='ltr'><strong>ME&#39;rAMoRrHosEoN.</strong></span> <span class='ocrx_word' id='word_1_4' title='bbox 2389 571 2476 639; x_wconf 79' lang='lat'><strong>23</strong></span> 
     </span>
    </p>
   </div>
   <div class='ocr_carea' id='block_1_2' title="bbox 320 704 2482 945">
    <p class='ocr_par' dir='ltr' id='par_1_2' title="bbox 320 704 2482 945">
     <span class='ocr_line' id='line_1_2' title="bbox 325 704 2480 808; baseline 0.001 -24"><span class='ocrx_word' id='word_1_5' title='bbox 325 708 541 808; x_wconf 85' lang='lat' dir='ltr'><strong>Quod</strong></span> <span class='ocrx_word' id='word_1_6' title='bbox 561 707 734 783; x_wconf 89' lang='lat' dir='ltr'><strong>idem</strong></span> <span class='ocrx_word' id='word_1_7' title='bbox 754 707 1104 795; x_wconf 84' lang='lat' dir='ltr'><strong>variatum,</strong></span> <span class='ocrx_word' id='word_1_8' title='bbox 1132 708 1264 780; x_wconf 84' lang='lat' dir='ltr'><strong>Vll</strong></span> <span class='ocrx_word' id='word_1_9' title='bbox 1282 762 1303 797; x_wconf 87' lang='lat'><strong>‚</strong></span> <span class='ocrx_word' id='word_1_10' title='bbox 1346 705 1480 808; x_wconf 83' lang='lat'><strong>781</strong></span> <span class='ocrx_word' id='word_1_11' title='bbox 1515 735 1664 808; x_wconf 85' lang='lat' dir='ltr'><strong>sqq.</strong></span> <span class='ocrx_word' id='word_1_12' title='bbox 1690 706 1882 781; x_wconf 84' lang='lat' dir='ltr'><strong>Adde</strong></span> <span class='ocrx_word' id='word_1_13' title='bbox 1900 708 1968 782; x_wconf 91' lang='grc' dir='ltr'>Π</span> <span class='ocrx_word' id='word_1_14' title='bbox 1985 764 2006 797; x_wconf 83' lang='grc'>,</span> <span class='ocrx_word' id='word_1_15' title='bbox 2038 705 2175 781; x_wconf 84' lang='lat'><strong>861</strong></span> <span class='ocrx_word' id='word_1_16' title='bbox 2204 764 2223 798; x_wconf 92' lang='lat'>,</span> <span class='ocrx_word' id='word_1_17' title='bbox 2256 704 2480 786; x_wconf 82' lang='lat' dir='ltr'><strong>lusum</strong></span> 
     </span>
     <span class='ocr_line' id='line_1_3' title="bbox 320 830 2482 945; baseline 0 -36"><span class='ocrx_word' id='word_1_18' title='bbox 320 838 619 936; x_wconf 70' lang='lat' dir='ltr'><strong>Europa</strong></span> <span class='ocrx_word' id='word_1_19' title='bbox 636 852 702 908; x_wconf 86' lang='lat' dir='ltr'><strong>et</strong></span> <span class='ocrx_word' id='word_1_20' title='bbox 718 833 864 908; x_wconf 86' lang='lat' dir='ltr'><strong>falsi</strong></span> <span class='ocrx_word' id='word_1_21' title='bbox 892 832 1100 921; x_wconf 80' lang='lat' dir='ltr'><strong>tauri3</strong></span> <span class='ocrx_word' id='word_1_22' title='bbox 1131 833 1265 920; x_wconf 87' lang='lat'>111,</span> <span class='ocrx_word' id='word_1_23' title='bbox 1296 830 1392 905; x_wconf 81' lang='lat'><strong>66</strong></span> <span class='ocrx_word' id='word_1_24' title='bbox 1419 858 1593 945; x_wconf 78' lang='lat' dir='ltr'><strong>sqq..</strong></span> <span class='ocrx_word' id='word_1_25' title='bbox 1616 850 1987 935; x_wconf 76' lang='lat' dir='ltr'><strong>serpentem</strong></span> <span class='ocrx_word' id='word_1_26' title='bbox 2013 832 2245 910; x_wconf 79' lang='lat' dir='ltr'><strong>Cadmi</strong></span> <span class='ocrx_word' id='word_1_27' title='bbox 2263 832 2482 935; x_wconf 83' lang='lat' dir='ltr'><strong>jaculo</strong></span> 
     </span>
    </p>
   </div>
   <div class='ocr_carea' id='block_1_3' title="bbox 322 956 2481 1061">
    <p class='ocr_par' dir='ltr' id='par_1_3' title="bbox 322 956 2481 1061">
     <span class='ocr_line' id='line_1_4' title="bbox 322 956 2481 1061; baseline 0.001 -29"><span class='ocrx_word' id='word_1_28' title='bbox 322 956 741 1033; x_wconf 81' lang='lat' dir='ltr'><strong>vulneratum</strong></span> <span class='ocrx_word' id='word_1_29' title='bbox 767 988 783 1045; x_wconf 91' lang='lat'><strong>;</strong></span> <span class='ocrx_word' id='word_1_30' title='bbox 828 957 962 1030; x_wconf 85' lang='lat'><strong>125</strong></span> <span class='ocrx_word' id='word_1_31' title='bbox 995 986 1141 1060; x_wconf 87' lang='lat' dir='ltr'><strong>sqq.</strong></span> <span class='ocrx_word' id='word_1_32' title='bbox 1168 1014 1187 1046; x_wconf 88' lang='lat'>,</span> <span class='ocrx_word' id='word_1_33' title='bbox 1218 957 1554 1034; x_wconf 77' lang='lat' dir='ltr'><strong>Actaeonis</strong></span> <span class='ocrx_word' id='word_1_34' title='bbox 1576 985 1699 1061; x_wconf 84' lang='lat' dir='ltr'><strong>per</strong></span> <span class='ocrx_word' id='word_1_35' title='bbox 1732 987 1925 1034; x_wconf 87' lang='lat' dir='ltr'><strong>canes</strong></span> <span class='ocrx_word' id='word_1_36' title='bbox 1953 958 2481 1049; x_wconf 79' lang='lat' dir='ltr'><strong>dilaniationem3</strong></span> 
     </span>
    </p>
   </div>
   <div class='ocr_carea' id='block_1_4' title="bbox 324 1081 2481 1186">
    <p class='ocr_par' dir='ltr' id='par_1_4' title="bbox 324 1081 2481 1186">
     <span class='ocr_line' id='line_1_5' title="bbox 324 1081 2481 1186; baseline 0.001 -29"><span class='ocrx_word' id='word_1_37' title='bbox 324 1084 469 1173; x_wconf 86' lang='lat' dir='ltr'><strong>lv,</strong></span> <span class='ocrx_word' id='word_1_38' title='bbox 510 1082 652 1156; x_wconf 82' lang='lat'><strong>358</strong></span> <span class='ocrx_word' id='word_1_39' title='bbox 675 1139 694 1171; x_wconf 88' lang='lat'>,</span> <span class='ocrx_word' id='word_1_40' title='bbox 750 1081 1136 1159; x_wconf 83' lang='lat' dir='ltr'>Salmacidis</span> <span class='ocrx_word' id='word_1_41' title='bbox 1174 1100 1241 1158; x_wconf 88' lang='lat' dir='ltr'><strong>et</strong></span> <span class='ocrx_word' id='word_1_42' title='bbox 1266 1082 1818 1186; x_wconf 84' lang='lat' dir='ltr'><strong>Hermaphroditi</strong></span> <span class='ocrx_word' id='word_1_43' title='bbox 1855 1083 2120 1160; x_wconf 81' lang='lat' dir='ltr'><strong>luctam.</strong></span> <span class='ocrx_word' id='word_1_44' title='bbox 2159 1086 2264 1160; x_wconf 88' lang='lat' dir='ltr'><strong>lb.</strong></span> <span class='ocrx_word' id='word_1_45' title='bbox 2297 1083 2481 1180; x_wconf 76' lang='lat'><strong>480,</strong></span> 
     </span>
    </p>
   </div>
   <div class='ocr_carea' id='block_1_5' title="bbox 490 1256 2041 1737">
    <p class='ocr_par' dir='ltr' id='par_1_5' title="bbox 490 1256 2041 1737">
     <span class='ocr_line' id='line_1_6' title="bbox 503 1256 1871 1343; baseline 0.003 -28"><span class='ocrx_word' id='word_1_46' title='bbox 503 1299 520 1315; x_wconf 92' lang='lat'><strong>.</strong></span> <span class='ocrx_word' id='word_1_47' title='bbox 544 1299 562 1315; x_wconf 87' lang='lat'><strong>.</strong></span> <span class='ocrx_word' id='word_1_48' title='bbox 586 1298 603 1315; x_wconf 89' lang='lat'>.</span> <span class='ocrx_word' id='word_1_49' title='bbox 646 1256 967 1338; x_wconf 79' lang='lat' dir='ltr'>Tisiphone</span> <span class='ocrx_word' id='word_1_50' title='bbox 995 1256 1355 1320; x_wconf 77' lang='lat' dir='ltr'><strong>madefactam</strong></span> <span class='ocrx_word' id='word_1_51' title='bbox 1387 1256 1668 1343; x_wconf 77' lang='lat' dir='ltr'><strong>sanguine</strong></span> <span class='ocrx_word' id='word_1_52' title='bbox 1696 1257 1871 1319; x_wconf 85' lang='lat' dir='ltr'><strong>sumit</strong></span> 
     </span>
     <span class='ocr_line' id='line_1_7' title="bbox 490 1354 1974 1438; baseline 0.003 -24"><span class='ocrx_word' id='word_1_53' title='bbox 490 1357 828 1437; x_wconf 75' lang='lat' dir='ltr'><strong>importuna</strong></span> <span class='ocrx_word' id='word_1_54' title='bbox 863 1354 1074 1432; x_wconf 82' lang='lat' dir='ltr'><strong>facem,</strong></span> <span class='ocrx_word' id='word_1_55' title='bbox 1103 1356 1397 1438; x_wconf 88' lang='lat' dir='ltr'><strong>fluidoque</strong></span> <span class='ocrx_word' id='word_1_56' title='bbox 1432 1378 1638 1418; x_wconf 87' lang='lat' dir='ltr'><strong>cruore</strong></span> <span class='ocrx_word' id='word_1_57' title='bbox 1673 1355 1974 1418; x_wconf 86' lang='lat' dir='ltr'><strong>rubentem</strong></span> 
     </span>
     <span class='ocr_line' id='line_1_8' title="bbox 493 1451 1935 1542; baseline 0.003 -31"><span class='ocrx_word' id='word_1_58' title='bbox 493 1451 764 1513; x_wconf 84' lang='lat' dir='ltr'><strong>Induitur</strong></span> <span class='ocrx_word' id='word_1_59' title='bbox 795 1454 997 1536; x_wconf 87' lang='lat' dir='ltr'><strong>pallam</strong></span> <span class='ocrx_word' id='word_1_60' title='bbox 1018 1498 1038 1528; x_wconf 86' lang='lat'>‚</span> <span class='ocrx_word' id='word_1_61' title='bbox 1065 1466 1340 1536; x_wconf 82' lang='lat' dir='ltr'><strong>tortoque</strong></span> <span class='ocrx_word' id='word_1_62' title='bbox 1370 1454 1681 1542; x_wconf 78' lang='lat' dir='ltr'>incingitur</span> <span class='ocrx_word' id='word_1_63' title='bbox 1708 1477 1893 1542; x_wconf 85' lang='lat' dir='ltr'><strong>angue</strong></span> <span class='ocrx_word' id='word_1_64' title='bbox 1916 1500 1935 1533; x_wconf 85' lang='lat'>‚</span> 
     </span>
     <span class='ocr_line' id='line_1_9' title="bbox 492 1550 2010 1637; baseline 0.003 -25"><span class='ocrx_word' id='word_1_65' title='bbox 492 1550 919 1637; x_wconf 83' lang='lat' dir='ltr'><strong>Egrediturque</strong></span> <span class='ocrx_word' id='word_1_66' title='bbox 948 1554 1144 1615; x_wconf 86' lang='lat' dir='ltr'><strong>domo.</strong></span> <span class='ocrx_word' id='word_1_67' title='bbox 1185 1555 1405 1616; x_wconf 79' lang='lat' dir='ltr'><strong>Luctus</strong></span> <span class='ocrx_word' id='word_1_68' title='bbox 1440 1555 1745 1616; x_wconf 83' lang='lat' dir='ltr'><strong>comitatur</strong></span> <span class='ocrx_word' id='word_1_69' title='bbox 1777 1568 2010 1617; x_wconf 88' lang='lat' dir='ltr'><strong>euntem</strong></span> 
     </span>
     <span class='ocr_line' id='line_1_10' title="bbox 492 1640 2041 1737; baseline 0.003 -26"><span class='ocrx_word' id='word_1_70' title='bbox 492 1642 575 1711; x_wconf 86' lang='lat' dir='ltr'><strong>Et</strong></span> <span class='ocrx_word' id='word_1_71' title='bbox 601 1653 789 1714; x_wconf 79' lang='lat' dir='ltr'><strong>Pavor</strong></span> <span class='ocrx_word' id='word_1_72' title='bbox 805 1698 825 1729; x_wconf 86' lang='lat'>‚</span> <span class='ocrx_word' id='word_1_73' title='bbox 853 1666 914 1714; x_wconf 89' lang='lat' dir='ltr'><strong>et</strong></span> <span class='ocrx_word' id='word_1_74' title='bbox 942 1654 1163 1715; x_wconf 86' lang='lat' dir='ltr'><strong>Terror</strong></span> <span class='ocrx_word' id='word_1_75' title='bbox 1182 1698 1204 1730; x_wconf 81' lang='lat'><strong>‚</strong></span> <span class='ocrx_word' id='word_1_76' title='bbox 1231 1640 1572 1737; x_wconf 84' lang='lat' dir='ltr'><strong>trepidoque</strong></span> <span class='ocrx_word' id='word_1_77' title='bbox 1598 1654 1822 1717; x_wconf 73' lang='lat' dir='ltr'><strong>insania</strong></span> <span class='ocrx_word' id='word_1_78' title='bbox 1855 1657 2041 1719; x_wconf 86' lang='lat' dir='ltr'><strong>vultu.</strong></span> 
     </span>
    </p>
   </div>
   <div class='ocr_carea' id='block_1_6' title="bbox 328 1808 2482 2023">
    <p class='ocr_par' dir='ltr' id='par_1_6' title="bbox 328 1808 2482 2023">
     <span class='ocr_line' id='line_1_11' title="bbox 328 1808 2482 1912; baseline 0.002 -32"><span class='ocrx_word' id='word_1_79' title='bbox 328 1809 633 1882; x_wconf 86' lang='lat' dir='ltr'><strong>Incessus</strong></span> <span class='ocrx_word' id='word_1_80' title='bbox 686 1808 927 1905; x_wconf 81' lang='lat' dir='ltr'><strong>reginae</strong></span> <span class='ocrx_word' id='word_1_81' title='bbox 978 1810 1282 1911; x_wconf 79' lang='lat' dir='ltr'><strong>superbae</strong></span> <span class='ocrx_word' id='word_1_82' title='bbox 1325 1811 1751 1912; x_wconf 86' lang='lat' dir='ltr'><strong>ejusdemque</strong></span> <span class='ocrx_word' id='word_1_83' title='bbox 1781 1810 1965 1888; x_wconf 82' lang='lat' dir='ltr'><strong>iratae</strong></span> <span class='ocrx_word' id='word_1_84' title='bbox 1997 1809 2267 1886; x_wconf 87' lang='lat' dir='ltr'><strong>mirifice</strong></span> <span class='ocrx_word' id='word_1_85' title='bbox 2285 1865 2305 1899; x_wconf 87' lang='lat'>‚</span> <span class='ocrx_word' id='word_1_86' title='bbox 2347 1811 2445 1884; x_wconf 86' lang='lat' dir='ltr'><strong>vl</strong></span> <span class='ocrx_word' id='word_1_87' title='bbox 2462 1866 2482 1900; x_wconf 85' lang='lat'><strong>‚</strong></span> 
     </span>
     <span class='ocr_line' id='line_1_12' title="bbox 343 1918 1519 2023; baseline 0.003 -21"><span class='ocrx_word' id='word_1_88' title='bbox 343 1929 475 2004; x_wconf 85' lang='lat'><strong>165</strong></span> <span class='ocrx_word' id='word_1_89' title='bbox 495 1990 516 2023; x_wconf 90' lang='lat'>‚</span> <span class='ocrx_word' id='word_1_90' title='bbox 549 1951 821 2008; x_wconf 88' lang='lat' dir='ltr'><strong>notatus</strong></span> <span class='ocrx_word' id='word_1_91' title='bbox 849 1959 869 2004; x_wconf 73' lang='lat' dir='ltr'><em>z</em></span> <span class='ocrx_word' id='word_1_92' title='bbox 1492 1918 1519 1929; x_wconf 24' lang='lat' dir='ltr'><strong>‘i</strong></span> 
     </span>
    </p>
   </div>
   <div class='ocr_carea' id='block_1_7' title="bbox 492 2106 2263 2591">
    <p class='ocr_par' dir='ltr' id='par_1_7' title="bbox 494 2106 1990 2293">
     <span class='ocr_line' id='line_1_13' title="bbox 494 2106 1990 2187; baseline 0.001 -19"><span class='ocrx_word' id='word_1_93' title='bbox 494 2108 650 2169; x_wconf 87' lang='lat' dir='ltr'><strong>Ecce</strong></span> <span class='ocrx_word' id='word_1_94' title='bbox 681 2107 840 2170; x_wconf 83' lang='lat' dir='ltr'><strong>venit</strong></span> <span class='ocrx_word' id='word_1_95' title='bbox 867 2107 1144 2169; x_wconf 84' lang='lat' dir='ltr'><strong>comitum</strong></span> <span class='ocrx_word' id='word_1_96' title='bbox 1170 2106 1365 2170; x_wconf 87' lang='lat' dir='ltr'>Niobe</span> <span class='ocrx_word' id='word_1_97' title='bbox 1396 2107 1759 2170; x_wconf 88' lang='lat' dir='ltr'><strong>celeberrima</strong></span> <span class='ocrx_word' id='word_1_98' title='bbox 1783 2107 1949 2170; x_wconf 88' lang='lat' dir='ltr'><strong>turba</strong></span> <span class='ocrx_word' id='word_1_99' title='bbox 1968 2153 1990 2187; x_wconf 84' lang='lat'>‚</span> 
     </span>
     <span class='ocr_line' id='line_1_14' title="bbox 494 2205 1873 2293; baseline 0.004 -28"><span class='ocrx_word' id='word_1_100' title='bbox 494 2205 768 2268; x_wconf 76' lang='lat' dir='ltr'><strong>Vestibus</strong></span> <span class='ocrx_word' id='word_1_101' title='bbox 796 2206 1018 2268; x_wconf 83' lang='lat' dir='ltr'><strong>intexto</strong></span> <span class='ocrx_word' id='word_1_102' title='bbox 1049 2206 1317 2293; x_wconf 79' lang='lat' dir='ltr'>Phrygiis</span> <span class='ocrx_word' id='word_1_103' title='bbox 1346 2207 1668 2291; x_wconf 83' lang='lat' dir='ltr'><strong>spectabilis</strong></span> <span class='ocrx_word' id='word_1_104' title='bbox 1690 2231 1832 2271; x_wconf 90' lang='lat' dir='ltr'><strong>auro</strong></span> <span class='ocrx_word' id='word_1_105' title='bbox 1851 2253 1873 2287; x_wconf 83' lang='lat'>‚</span> 
     </span>
    </p>

    <p class='ocr_par' dir='ltr' id='par_1_8' title="bbox 492 2304 2263 2591">
     <span class='ocr_line' id='line_1_15' title="bbox 492 2304 2163 2391; baseline 0.003 -26"><span class='ocrx_word' id='word_1_106' title='bbox 492 2305 579 2366; x_wconf 76' lang='lat' dir='ltr'><strong>Et</strong></span> <span class='ocrx_word' id='word_1_107' title='bbox 595 2351 614 2382; x_wconf 86' lang='lat'>‚</span> <span class='ocrx_word' id='word_1_108' title='bbox 642 2319 916 2388; x_wconf 87' lang='lat' dir='ltr'><strong>quantum</strong></span> <span class='ocrx_word' id='word_1_109' title='bbox 936 2306 1018 2367; x_wconf 82' lang='lat' dir='ltr'><strong>ira</strong></span> <span class='ocrx_word' id='word_1_110' title='bbox 1045 2307 1181 2368; x_wconf 83' lang='lat' dir='ltr'><strong>sinit</strong></span> <span class='ocrx_word' id='word_1_111' title='bbox 1198 2353 1217 2383; x_wconf 84' lang='lat'>‚</span> <span class='ocrx_word' id='word_1_112' title='bbox 1250 2304 1537 2381; x_wconf 80' lang='lat' dir='ltr'><strong>form&#39;osa3</strong></span> <span class='ocrx_word' id='word_1_113' title='bbox 1570 2328 1923 2391; x_wconf 79' lang='lat' dir='ltr'>movensque</span> <span class='ocrx_word' id='word_1_114' title='bbox 1947 2307 2163 2371; x_wconf 90' lang='lat' dir='ltr'><strong>decoro</strong></span> 
     </span>
     <span class='ocr_line' id='line_1_16' title="bbox 498 2404 2205 2492; baseline 0.002 -24"><span class='ocrx_word' id='word_1_115' title='bbox 498 2404 653 2468; x_wconf 86' lang='lat' dir='ltr'><strong>Cum</strong></span> <span class='ocrx_word' id='word_1_116' title='bbox 679 2409 864 2490; x_wconf 82' lang='lat' dir='ltr'><strong>capite</strong></span> <span class='ocrx_word' id='word_1_117' title='bbox 885 2407 1171 2470; x_wconf 85' lang='lat' dir='ltr'><strong>immissos</strong></span> <span class='ocrx_word' id='word_1_118' title='bbox 1193 2408 1493 2470; x_wconf 79' lang='lat' dir='ltr'><strong>humerum</strong></span> <span class='ocrx_word' id='word_1_119' title='bbox 1515 2428 1619 2491; x_wconf 79' lang='lat' dir='ltr'><strong>per</strong></span> <span class='ocrx_word' id='word_1_120' title='bbox 1641 2420 1950 2491; x_wconf 80' lang='lat' dir='ltr'><strong>utrumque</strong></span> <span class='ocrx_word' id='word_1_121' title='bbox 1970 2409 2205 2492; x_wconf 74' lang='lat' dir='ltr'><strong>capillos</strong></span> 
     </span>
     <span class='ocr_line' id='line_1_17' title="bbox 498 2506 2263 2591; baseline 0.001 -23"><span class='ocrx_word' id='word_1_122' title='bbox 498 2506 783 2570; x_wconf 77' lang='lat' dir='ltr'><strong>Constitit</strong></span> <span class='ocrx_word' id='word_1_123' title='bbox 806 2529 823 2568; x_wconf 70' lang='grc' dir='ltr'><strong><em>ε</em></strong></span> <span class='ocrx_word' id='word_1_124' title='bbox 850 2520 1032 2590; x_wconf 83' lang='lat' dir='ltr'><strong>utque</strong></span> <span class='ocrx_word' id='word_1_125' title='bbox 1055 2508 1258 2571; x_wconf 85' lang='lat' dir='ltr'><strong>oculos</strong></span> <span class='ocrx_word' id='word_1_126' title='bbox 1287 2508 1641 2571; x_wconf 83' lang='lat' dir='ltr'><strong>circumtulit</strong></span> <span class='ocrx_word' id='word_1_127' title='bbox 1664 2508 1776 2571; x_wconf 77' lang='lat' dir='ltr'><strong>alta·</strong></span> <span class='ocrx_word' id='word_1_128' title='bbox 1802 2507 2082 2591; x_wconf 81' lang='lat' dir='ltr'><strong>superbos</strong></span> <span class='ocrx_word' id='word_1_129' title='bbox 2102 2552 2121 2585; x_wconf 87' lang='lat'>‚</span> <span class='ocrx_word' id='word_1_130' title='bbox 2150 2520 2263 2570; x_wconf 87' lang='lat' dir='ltr'><strong>etc.</strong></span> 
     </span>
    </p>
   </div>
   <div class='ocr_carea' id='block_1_8' title="bbox 331 2669 2494 3136">
    <p class='ocr_par' dir='ltr' id='par_1_9' title="bbox 331 2669 2494 3136">
     <span class='ocr_line' id='line_1_18' title="bbox 335 2669 2490 2772; baseline -0 -29"><span class='ocrx_word' id='word_1_131' title='bbox 335 2669 635 2765; x_wconf 83' lang='lat' dir='ltr'><strong>Pugnam</strong></span> <span class='ocrx_word' id='word_1_132' title='bbox 662 2670 884 2745; x_wconf 84' lang='lat' dir='ltr'><strong>Persei</strong></span> <span class='ocrx_word' id='word_1_133' title='bbox 912 2698 1062 2744; x_wconf 88' lang='lat' dir='ltr'><strong>cum</strong></span> <span class='ocrx_word' id='word_1_134' title='bbox 1089 2669 1311 2745; x_wconf 80' lang='lat' dir='ltr'><strong>bellua</strong></span> <span class='ocrx_word' id='word_1_135' title='bbox 1336 2670 1583 2745; x_wconf 88' lang='lat' dir='ltr'><strong>marina</strong></span> <span class='ocrx_word' id='word_1_136' title='bbox 1603 2726 1624 2760; x_wconf 86' lang='lat'>‚</span> <span class='ocrx_word' id='word_1_137' title='bbox 1664 2672 1764 2744; x_wconf 79' lang='lat' dir='ltr'><strong>lv</strong></span> <span class='ocrx_word' id='word_1_138' title='bbox 1784 2727 1803 2759; x_wconf 89' lang='lat'>,</span> <span class='ocrx_word' id='word_1_139' title='bbox 1850 2698 1888 2772; x_wconf 93' lang='lat'><strong>7</strong></span> <span class='ocrx_word' id='word_1_140' title='bbox 1908 2692 1993 2744; x_wconf 81' lang='lat'><strong>10</strong></span> <span class='ocrx_word' id='word_1_141' title='bbox 2015 2727 2034 2761; x_wconf 89' lang='lat'>,</span> <span class='ocrx_word' id='word_1_142' title='bbox 2080 2669 2490 2745; x_wconf 61' lang='lat' dir='ltr'><strong>renationem</strong></span> 
     </span>
     <span class='ocr_line' id='line_1_19' title="bbox 331 2788 2490 2898; baseline -0.001 -32"><span class='ocrx_word' id='word_1_143' title='bbox 331 2794 487 2869; x_wconf 77' lang='lat' dir='ltr'><strong>ferae</strong></span> <span class='ocrx_word' id='word_1_144' title='bbox 519 2795 855 2869; x_wconf 66' lang='lat' dir='ltr'><strong>Thebana!</strong></span> <span class='ocrx_word' id='word_1_145' title='bbox 879 2850 899 2883; x_wconf 85' lang='lat'>,</span> <span class='ocrx_word' id='word_1_146' title='bbox 934 2792 1107 2883; x_wconf 81' lang='lat' dir='ltr'><strong>vll,</strong></span> <span class='ocrx_word' id='word_1_147' title='bbox 1158 2793 1336 2896; x_wconf 87' lang='lat'>765,</span> <span class='ocrx_word' id='word_1_148' title='bbox 1371 2812 1440 2868; x_wconf 86' lang='lat' dir='ltr'><strong>et</strong></span> <span class='ocrx_word' id='word_1_149' title='bbox 1464 2793 1609 2898; x_wconf 85' lang='lat' dir='ltr'><strong>apri</strong></span> <span class='ocrx_word' id='word_1_150' title='bbox 1638 2790 1988 2897; x_wconf 74' lang='lat' dir='ltr'><strong>Calydonii</strong></span> <span class='ocrx_word' id='word_1_151' title='bbox 2011 2848 2032 2882; x_wconf 88' lang='lat'>,</span> <span class='ocrx_word' id='word_1_152' title='bbox 2067 2793 2278 2880; x_wconf 85' lang='lat' dir='ltr'>VIII,</span> <span class='ocrx_word' id='word_1_153' title='bbox 2312 2788 2490 2891; x_wconf 82' lang='lat'><strong>329,</strong></span> 
     </span>
     <span class='ocr_line' id='line_1_20' title="bbox 333 2912 2494 3025; baseline -0.002 -29"><span class='ocrx_word' id='word_1_154' title='bbox 333 2920 490 3022; x_wconf 83' lang='lat' dir='ltr'><strong>quis</strong></span> <span class='ocrx_word' id='word_1_155' title='bbox 521 2948 787 2996; x_wconf 87' lang='lat' dir='ltr'><strong>narrare</strong></span> <span class='ocrx_word' id='word_1_156' title='bbox 823 2918 1234 3016; x_wconf 81' lang='lat' dir='ltr'>ingeniosius</span> <span class='ocrx_word' id='word_1_157' title='bbox 1257 2916 1519 3022; x_wconf 84' lang='lat' dir='ltr'><strong>possit?</strong></span> <span class='ocrx_word' id='word_1_158' title='bbox 1552 2919 1792 3025; x_wconf 74' lang='lat' dir='ltr'><strong>Byblis</strong></span> <span class='ocrx_word' id='word_1_159' title='bbox 1816 2919 2004 2995; x_wconf 77' lang='lat' dir='ltr'><strong>fiatri</strong></span> <span class='ocrx_word' id='word_1_160' title='bbox 2029 2912 2255 2995; x_wconf 84' lang='lat' dir='ltr'><strong>literas</strong></span> <span class='ocrx_word' id='word_1_161' title='bbox 2281 2917 2494 3020; x_wconf 84' lang='lat' dir='ltr'><strong>scrip-</strong></span> 
     </span>
     <span class='ocr_line' id='line_1_21' title="bbox 332 3045 917 3136; baseline 0.003 -19"><span class='ocrx_word' id='word_1_162' title='bbox 332 3063 484 3120; x_wconf 84' lang='lat' dir='ltr'><strong>tura</strong></span> <span class='ocrx_word' id='word_1_163' title='bbox 501 3104 522 3135; x_wconf 90' lang='lat'>‚</span> <span class='ocrx_word' id='word_1_164' title='bbox 555 3048 659 3121; x_wconf 85' lang='lat' dir='ltr'><strong>lx</strong></span> <span class='ocrx_word' id='word_1_165' title='bbox 675 3102 696 3136; x_wconf 89' lang='lat'><strong>‚</strong></span> <span class='ocrx_word' id='word_1_166' title='bbox 727 3045 818 3119; x_wconf 86' lang='lat'><strong>52</strong></span> <span class='ocrx_word' id='word_1_167' title='bbox 834 3071 860 3117; x_wconf 90' lang='lat'>1</span> <span class='ocrx_word' id='word_1_168' title='bbox 899 3075 917 3119; x_wconf 76' lang='lat' dir='ltr'>t</span> 
     </span>
    </p>
   </div>
   <div class='ocr_carea' id='block_1_9' title="bbox 494 3227 2078 3635">
    <p class='ocr_par' dir='ltr' id='par_1_10' title="bbox 494 3227 2078 3635">
     <span class='ocr_line' id='line_1_22' title="bbox 494 3227 2062 3305; baseline -0.003 -13"><span class='ocrx_word' id='word_1_169' title='bbox 494 3232 710 3292; x_wconf 81' lang='lat' dir='ltr'><strong>Dextra</strong></span> <span class='ocrx_word' id='word_1_170' title='bbox 738 3240 898 3291; x_wconf 88' lang='lat' dir='ltr'><strong>tenet</strong></span> <span class='ocrx_word' id='word_1_171' title='bbox 930 3228 1179 3305; x_wconf 84' lang='lat' dir='ltr'><strong>serrum,</strong></span> <span class='ocrx_word' id='word_1_172' title='bbox 1209 3249 1444 3290; x_wconf 82' lang='lat' dir='ltr'><strong>vacuam</strong></span> <span class='ocrx_word' id='word_1_173' title='bbox 1472 3240 1630 3291; x_wconf 83' lang='lat' dir='ltr'><strong>tenet</strong></span> <span class='ocrx_word' id='word_1_174' title='bbox 1656 3227 1830 3289; x_wconf 82' lang='lat' dir='ltr'><strong>altera</strong></span> <span class='ocrx_word' id='word_1_175' title='bbox 1859 3246 2062 3291; x_wconf 84' lang='lat' dir='ltr'><strong>ceram.</strong></span> 
     </span>
     <span class='ocr_line' id='line_1_23' title="bbox 501 3334 1984 3419; baseline 0 -23"><span class='ocrx_word' id='word_1_176' title='bbox 501 3336 719 3419; x_wconf 83' lang='lat' dir='ltr'><strong>Incipit</strong></span> <span class='ocrx_word' id='word_1_177' title='bbox 747 3350 807 3399; x_wconf 91' lang='lat' dir='ltr'><strong>et</strong></span> <span class='ocrx_word' id='word_1_178' title='bbox 834 3336 1085 3412; x_wconf 79' lang='lat' dir='ltr'><strong>dubitat3</strong></span> <span class='ocrx_word' id='word_1_179' title='bbox 1122 3336 1321 3399; x_wconf 78' lang='lat' dir='ltr'><strong>scribit</strong></span> <span class='ocrx_word' id='word_1_180' title='bbox 1347 3334 1688 3418; x_wconf 77' lang='lat' dir='ltr'><strong>damnatque</strong></span> <span class='ocrx_word' id='word_1_181' title='bbox 1713 3334 1984 3415; x_wconf 74' lang='lat' dir='ltr'><strong>tabellas3</strong></span> 
     </span>
     <span class='ocr_line' id='line_1_24' title="bbox 499 3443 2078 3528; baseline 0.001 -22"><span class='ocrx_word' id='word_1_182' title='bbox 499 3445 585 3507; x_wconf 85' lang='lat' dir='ltr'><strong>Et</strong></span> <span class='ocrx_word' id='word_1_183' title='bbox 613 3457 777 3507; x_wconf 84' lang='lat' dir='ltr'><strong>notat</strong></span> <span class='ocrx_word' id='word_1_184' title='bbox 807 3457 868 3506; x_wconf 89' lang='lat' dir='ltr'><strong>et</strong></span> <span class='ocrx_word' id='word_1_185' title='bbox 895 3444 1080 3520; x_wconf 58' lang='lat' dir='ltr'><strong>delen</strong></span> <span class='ocrx_word' id='word_1_186' title='bbox 1114 3457 1327 3522; x_wconf 84' lang='lat' dir='ltr'><strong>mutat,</strong></span> <span class='ocrx_word' id='word_1_187' title='bbox 1352 3446 1657 3528; x_wconf 79' lang='lat' dir='ltr'><strong>culpatque</strong></span> <span class='ocrx_word' id='word_1_188' title='bbox 1676 3489 1696 3521; x_wconf 87' lang='lat'>‚</span> <span class='ocrx_word' id='word_1_189' title='bbox 1721 3443 2078 3528; x_wconf 84' lang='lat' dir='ltr'><strong>probatque,</strong></span> 
     </span>
     <span class='ocr_line' id='line_1_25' title="bbox 505 3551 2036 3635; baseline -0.001 -23"><span class='ocrx_word' id='word_1_190' title='bbox 505 3554 695 3634; x_wconf 76' lang='lat' dir='ltr'><strong>Inque</strong></span> <span class='ocrx_word' id='word_1_191' title='bbox 724 3553 908 3615; x_wconf 61' lang='lat' dir='ltr'><strong>vit-em</strong></span> <span class='ocrx_word' id='word_1_192' title='bbox 941 3565 1154 3615; x_wconf 85' lang='lat' dir='ltr'><strong>sumtas</strong></span> <span class='ocrx_word' id='word_1_193' title='bbox 1182 3553 1389 3635; x_wconf 82' lang='lat' dir='ltr'><strong>ponit,</strong></span> <span class='ocrx_word' id='word_1_194' title='bbox 1423 3551 1751 3634; x_wconf 80' lang='lat' dir='ltr'><strong>positasque</strong></span> <span class='ocrx_word' id='word_1_195' title='bbox 1778 3551 2036 3613; x_wconf 86' lang='lat' dir='ltr'><strong>resumit.</strong></span> 
     </span>
    </p>
   </div>
   <div class='ocr_carea' id='block_1_10' title="bbox 338 3672 2368 3819">
    <p class='ocr_par' dir='ltr' id='par_1_11' title="bbox 338 3672 2368 3819">
     <span class='ocr_line' id='line_1_26' title="bbox 338 3672 2368 3819; baseline 0 -30"><span class='ocrx_word' id='word_1_196' title='bbox 338 3714 732 3818; x_wconf 82' lang='lat' dir='ltr'><strong>Pygmalion</strong></span> <span class='ocrx_word' id='word_1_197' title='bbox 755 3772 776 3806; x_wconf 90' lang='lat'><strong>‚</strong></span> <span class='ocrx_word' id='word_1_198' title='bbox 814 3744 1022 3819; x_wconf 86' lang='lat' dir='ltr'><strong>quum</strong></span> <span class='ocrx_word' id='word_1_199' title='bbox 1045 3672 1330 3791; x_wconf 76' lang='lat' dir='ltr'><strong>statuam</strong></span> <span class='ocrx_word' id='word_1_200' title='bbox 1354 3743 1544 3791; x_wconf 86' lang='lat' dir='ltr'><strong>suam</strong></span> <span class='ocrx_word' id='word_1_201' title='bbox 1568 3712 1963 3790; x_wconf 82' lang='lat' dir='ltr'><strong>absolvisset</strong></span> <span class='ocrx_word' id='word_1_202' title='bbox 1980 3771 2001 3807; x_wconf 84' lang='lat'>,</span> <span class='ocrx_word' id='word_1_203' title='bbox 2033 3718 2102 3790; x_wconf 90' lang='lat' dir='ltr'>X</span> <span class='ocrx_word' id='word_1_204' title='bbox 2123 3771 2142 3805; x_wconf 92' lang='lat'>‚</span> <span class='ocrx_word' id='word_1_205' title='bbox 2179 3715 2324 3812; x_wconf 74' lang='lat'><strong>254</strong></span> <span class='ocrx_word' id='word_1_206' title='bbox 2352 3748 2368 3790; x_wconf 73' lang='grc' dir='ltr'><strong><em>ε</em></strong></span> 
     </span>
    </p>
   </div>
   <div class='ocr_carea' id='block_1_11' title="bbox 507 3899 2238 4414">
    <p class='ocr_par' dir='ltr' id='par_1_12' title="bbox 507 3899 1959 3985">
     <span class='ocr_line' id='line_1_27' title="bbox 507 3899 1959 3985; baseline -0.001 -22"><span class='ocrx_word' id='word_1_207' title='bbox 507 3901 674 3985; x_wconf 75' lang='lat' dir='ltr'><strong>Saepe</strong></span> <span class='ocrx_word' id='word_1_208' title='bbox 706 3910 907 3962; x_wconf 71' lang='lat' dir='ltr'><strong>manus·</strong></span> <span class='ocrx_word' id='word_1_209' title='bbox 942 3901 1105 3984; x_wconf 75' lang='lat' dir='ltr'><strong>operi</strong></span> <span class='ocrx_word' id='word_1_210' title='bbox 1131 3912 1417 3963; x_wconf 69' lang='lat' dir='ltr'><strong>tentantes</strong></span> <span class='ocrx_word' id='word_1_211' title='bbox 1443 3899 1711 3967; x_wconf 82' lang='lat' dir='ltr'><strong>admovet</strong></span> <span class='ocrx_word' id='word_1_212' title='bbox 1728 3944 1749 3979; x_wconf 88' lang='lat'>‚</span> <span class='ocrx_word' id='word_1_213' title='bbox 1778 3920 1851 3963; x_wconf 91' lang='lat' dir='ltr'><strong>an</strong></span> <span class='ocrx_word' id='word_1_214' title='bbox 1881 3900 1959 3964; x_wconf 80' lang='lat' dir='ltr'><strong>sit</strong></span> 
     </span>
    </p>

    <p class='ocr_par' dir='ltr' id='par_1_13' title="bbox 510 4006 2238 4308">
     <span class='ocr_line' id='line_1_28' title="bbox 510 4006 2238 4092; baseline -0.001 -22"><span class='ocrx_word' id='word_1_215' title='bbox 510 4006 747 4092; x_wconf 78' lang='lat' dir='ltr'><strong>Corpus</strong></span> <span class='ocrx_word' id='word_1_216' title='bbox 764 4052 787 4087; x_wconf 89' lang='lat'>‚</span> <span class='ocrx_word' id='word_1_217' title='bbox 813 4030 884 4070; x_wconf 87' lang='lat' dir='ltr'><strong>an</strong></span> <span class='ocrx_word' id='word_1_218' title='bbox 918 4007 1060 4069; x_wconf 84' lang='lat' dir='ltr'><strong>illud</strong></span> <span class='ocrx_word' id='word_1_219' title='bbox 1089 4007 1233 4070; x_wconf 88' lang='lat' dir='ltr'><strong>ebur</strong></span> <span class='ocrx_word' id='word_1_220' title='bbox 1262 4028 1278 4066; x_wconf 74' lang='grc' dir='ltr'><strong>ε</strong></span> <span class='ocrx_word' id='word_1_221' title='bbox 1314 4029 1421 4071; x_wconf 91' lang='lat' dir='ltr'><strong>nec</strong></span> <span class='ocrx_word' id='word_1_222' title='bbox 1445 4007 1591 4070; x_wconf 83' lang='lat' dir='ltr'><strong>ebur</strong></span> <span class='ocrx_word' id='word_1_223' title='bbox 1613 4020 1823 4091; x_wconf 13' lang='lat' dir='ltr'><strong>lumen</strong></span> <span class='ocrx_word' id='word_1_224' title='bbox 1849 4029 1972 4071; x_wconf 82' lang='lat' dir='ltr'><strong>esse</strong></span> <span class='ocrx_word' id='word_1_225' title='bbox 2005 4007 2238 4070; x_wconf 77' lang='lat' dir='ltr'><strong>fatetur.</strong></span> 
     </span>
     <span class='ocr_line' id='line_1_29' title="bbox 520 4115 2180 4201; baseline -0.001 -22"><span class='ocrx_word' id='word_1_226' title='bbox 520 4116 738 4179; x_wconf 83' lang='lat' dir='ltr'><strong>Oscula</strong></span> <span class='ocrx_word' id='word_1_227' title='bbox 764 4116 861 4179; x_wconf 85' lang='lat' dir='ltr'><strong>dat</strong></span> <span class='ocrx_word' id='word_1_228' title='bbox 876 4161 896 4195; x_wconf 86' lang='lat'>‚</span> <span class='ocrx_word' id='word_1_229' title='bbox 924 4115 1200 4198; x_wconf 82' lang='lat' dir='ltr'><strong>reddique</strong></span> <span class='ocrx_word' id='word_1_230' title='bbox 1230 4129 1395 4199; x_wconf 84' lang='lat' dir='ltr'><strong>putat</strong></span> <span class='ocrx_word' id='word_1_231' title='bbox 1420 4140 1436 4178; x_wconf 74' lang='grc' dir='ltr'><strong><em>ε</em></strong></span> <span class='ocrx_word' id='word_1_232' title='bbox 1469 4116 1845 4199; x_wconf 79' lang='lat' dir='ltr'><strong>loquiturque</strong></span> <span class='ocrx_word' id='word_1_233' title='bbox 1871 4128 2145 4201; x_wconf 84' lang='lat' dir='ltr'><strong>tenetque</strong></span> <span class='ocrx_word' id='word_1_234' title='bbox 2160 4160 2180 4196; x_wconf 86' lang='lat'>‚</span> 
     </span>
     <span class='ocr_line' id='line_1_30' title="bbox 517 4222 1891 4308; baseline -0.001 -22"><span class='ocrx_word' id='word_1_235' title='bbox 517 4224 602 4286; x_wconf 88' lang='lat' dir='ltr'><strong>Et</strong></span> <span class='ocrx_word' id='word_1_236' title='bbox 625 4222 807 4286; x_wconf 87' lang='lat' dir='ltr'><strong>credit</strong></span> <span class='ocrx_word' id='word_1_237' title='bbox 823 4268 842 4302; x_wconf 91' lang='lat'>‚</span> <span class='ocrx_word' id='word_1_238' title='bbox 872 4223 1038 4285; x_wconf 83' lang='lat' dir='ltr'><strong>tactis</strong></span> <span class='ocrx_word' id='word_1_239' title='bbox 1066 4222 1279 4308; x_wconf 80' lang='lat' dir='ltr'><strong>digitos</strong></span> <span class='ocrx_word' id='word_1_240' title='bbox 1305 4223 1553 4287; x_wconf 79' lang='lat' dir='ltr'><strong>insidere</strong></span> <span class='ocrx_word' id='word_1_241' title='bbox 1583 4222 1851 4285; x_wconf 82' lang='lat' dir='ltr'><strong>membris</strong></span> <span class='ocrx_word' id='word_1_242' title='bbox 1870 4266 1891 4302; x_wconf 89' lang='lat'>‚</span> 
     </span>
    </p>

    <p class='ocr_par' dir='ltr' id='par_1_14' title="bbox 510 4328 1929 4414">
     <span class='ocr_line' id='line_1_31' title="bbox 510 4328 1929 4414; baseline -0.001 -21"><span class='ocrx_word' id='word_1_243' title='bbox 510 4332 593 4393; x_wconf 87' lang='lat' dir='ltr'><strong>Et</strong></span> <span class='ocrx_word' id='word_1_244' title='bbox 624 4332 829 4393; x_wconf 82' lang='lat' dir='ltr'><strong>metuit</strong></span> <span class='ocrx_word' id='word_1_245' title='bbox 849 4375 867 4410; x_wconf 89' lang='lat'><strong>,</strong></span> <span class='ocrx_word' id='word_1_246' title='bbox 899 4350 1128 4414; x_wconf 80' lang='lat' dir='ltr'><strong>pressos</strong></span> <span class='ocrx_word' id='word_1_247' title='bbox 1161 4331 1353 4395; x_wconf 78' lang='lat' dir='ltr'><strong>veniat</strong></span> <span class='ocrx_word' id='word_1_248' title='bbox 1376 4351 1450 4393; x_wconf 94' lang='lat' dir='ltr'><strong>ne</strong></span> <span class='ocrx_word' id='word_1_249' title='bbox 1480 4328 1633 4395; x_wconf 83' lang='lat' dir='ltr'><strong>livor</strong></span> <span class='ocrx_word' id='word_1_250' title='bbox 1664 4330 1725 4391; x_wconf 90' lang='lat' dir='ltr'><strong>in</strong></span> <span class='ocrx_word' id='word_1_251' title='bbox 1752 4341 1929 4393; x_wconf 83' lang='lat' dir='ltr'><strong>artus.</strong></span> 
     </span>
    </p>
   </div>
  </div>
 </body>
</html>
