3217 5134
592 524 1626 598 METAMORPHOSEON
1676 532 1870 600 LIB.
1926 533 2060 603 Vl.

278 663 578 760 Vulgus3
619 682 685 738 et
713 665 1115 743 exstinctum
1148 695 1301 742 cum
1336 668 1544 770 stirpe
1576 670 1962 771 Amphiona
1991 671 2241 769 lugent.

268 781 492 855 Mater
522 780 598 853 in
626 780 877 856 invidia
905 799 1007 856 est
1035 811 1052 855 :
1082 799 1300 857 tamen
1334 782 1506 858 hano
1542 813 1812 887 quoque
1849 785 2093 862 dicitur
2123 819 2300 865 unus

267 895 491 971 Flesse
524 893 815 999 Pelops;
849 897 1264 999 humeroque
1280 954 1302 987 ‚
1338 926 1493 974 suas
1527 900 1610 972 ad
1642 918 1915 1000 pectora
1946 922 2307 1006 postquam

2271 534 2409 630 449
2439 596 2442 601 -

268 1012 567 1087 Deduxit
592 1031 841 1104 vestes,
877 1015 1047 1090 ebur
1070 1014 1443 1090 ostendisse
1479 1015 1775 1090 sinistro.

2301 1043 2402 1112 405

273 1130 612 1205 Concolor
633 1131 745 1206 hio
779 1131 1136 1221 humerus,
1168 1131 1485 1207 nascendi
1518 1150 1854 1234 tempore,
1891 1134 2126 1211 dextro
2147 1195 2166 1229 ‚

273 1249 788 1349 Corporeusque
824 1249 957 1324 fuit
983 1279 1002 1323 ε
1028 1248 1339 1323 manibus
1374 1277 1530 1323 mox
1563 1277 1728 1324 caesa
1755 1252 2051 1352 paternis

270 1363 583 1438 Membra
616 1363 843 1438 ferunt
866 1363 1166 1464 junxisse
1195 1366 1415 1454 DeoS‚
1450 1363 1731 1466 aliisque
1762 1368 2082 1468 repertis,

272 1479 414 1578 Qui
450 1480 640 1555 locus
672 1498 774 1554 est
801 1480 1021 1581 juguli
1050 1481 1308 1555 medius
1340 1482 1715 1582 summique
1749 1481 1974 1556 lacerti

275 1595 554 1672 Defuit:
585 1596 978 1698 impositum
1011 1614 1115 1672 est
1144 1626 1283 1672 non
1315 1596 1759 1699 comparentis
1784 1599 1859 1673 in
1883 1630 2080 1676 usum
2309 1630 2410 1696 410

272 1712 493 1788 Partis
527 1711 738 1801 ebur;
773 1712 1082 1815 factoque
1119 1712 1368 1816 Pelops
1394 1713 1527 1788 fuit
1560 1714 1819 1811 integer
1848 1715 1989 1791 illo.

369 1829 486 1900 Vl.
515 1826 818 1902 Finitimi
845 1856 1154 1929 proceres
1185 1848 1471 1919 coeunt3
1508 1830 1853 1932 urbesque
1873 1835 2273 1936 propinquae

270 2025 424 2094 pisset
437 2063 452 2092 ,
467 2025 727 2095 velletque
749 2043 937 2079 eorum
961 2023 1291 2078 divinitatem

267 2103 525 2173 experiri,
552 2104 761 2172 Pelopis
777 2102 870 2155 filii
882 2101 1123 2155 membra
1144 2112 1290 2155 cocta

264 2184 582 2254 reliquisque
604 2183 733 2237 cibis
756 2180 985 2235 admixta
1017 2181 1081 2233 iis
1112 2198 1290 2250 appo-

267 2261 386 2315 suit.
406 2258 572 2330 Quod
584 2259 784 2313 soedum
794 2257 991 2312 facinus
1003 2276 1171 2326 quum
1184 2257 1292 2310 ani·

268 2338 673 2393 madvertissent
696 2337 787 2390 Dii
809 2375 824 2404 ,
852 2338 1090 2390 membra
1113 2352 1295 2391 rursus

262 2425 679 2487 composuerunt
721 2427 914 2485 praeter
957 2414 1242 2469 humerum
1270 2453 1287 2481 ‚

267 2515 432 2568 quem
448 2494 613 2549 Ceres
621 2503 993 2549 consumserat.
1011 2494 1292 2547 Eburneus

268 2576 430 2647 igitur
441 2575 492 2627 ei
506 2574 760 2627 humerus
777 2573 944 2627 datus.
959 2571 1175 2626 Confer.
1191 2572 1290 2646 Ly-

268 2653 523 2724 cophron.
550 2650 694 2706 Cass.
726 2656 856 2724 159;
882 2651 1128 2724 Hyginus
1147 2690 1161 2716 ,
1187 2650 1287 2705 sab.

267 2726 363 2795 83}
388 2731 601 2786 Servius
617 2772 632 2798 ,
658 2731 725 2785 ad
745 2731 1027 2800 Virgilium
1051 2770 1065 2797 ,
1088 2729 1289 2802 Georg.

270 2811 382 2878 111,
402 2831 457 2880 73
477 2810 652 2866 Schol.
669 2810 908 2877 Pindari,
926 2809 988 2863 ad
1006 2809 1222 2881 Olymp.
1242 2825 1287 2863 1.

268 2889 497 2960 Impiam
521 2900 577 2943 et
596 2888 964 2943 incredibilem
988 2907 1106 2941 eam
1131 2889 1288 2942 sabu-

270 2968 374 3021 lam
390 2966 627 3038 judicant
646 2965 934 3030 Pindarus,
953 2964 1004 3017 d.
1020 2965 1054 3018 l.
1071 3004 1087 3031 ,
1114 2976 1167 3018 et
1184 2966 1289 3018 Eu·

270 3046 491 3120 ripides‚
516 3045 682 3117 lphig.
702 3045 862 3098 Taur.
877 3045 971 3112 387
997 3062 1108 3112 sqq.
1127 3044 1288 3098 Forte

271 3136 428 3196 poeta
461 3123 642 3194 aliquis
680 3121 969 3175 humerum
996 3122 1111 3191 ejus
1130 3126 1289 3175 ebun-

268 3226 414 3260 aeeam
427 3213 733 3271 vocaverat,
757 3214 815 3256 ut
838 3201 1115 3274 pulchrum
1135 3202 1290 3272 signi·

270 3283 470 3339 ficaret-
477 3308 546 3324 ·-
574 3284 784 3335 Talibus
798 3284 1048 3348 extemplo
1118 3284 1288 3334 dicata

273 3359 501 3415 Codices
514 3359 681 3413 nostri
702 3358 875 3428 Regii,
903 3359 1115 3410 Talibus
1129 3377 1288 3411 exem-

260 3442 371 3507 plis
393 3442 570 3500 dictis,
598 3437 652 3491 id
680 3445 792 3501 est,
822 3434 875 3487 in
902 3432 1141 3488 medium
1163 3433 1293 3486 alla-

271 3519 338 3572 tis
355 3536 369 3571 2
385 3516 620 3586 displicet
634 3516 813 3568 tainen
828 3515 924 3568 ista
935 3512 1164 3586 syntaxis
1179 3552 1195 3580 ‚
1208 3514 1291 3566 de·-

268 3615 381 3650 ειη
398 3597 643 3661 exempla.
666 3592 768 3646 Ed.

336 3675 449 3742 403.
472 3673 671 3736 Μαίη,
711 3670 881 3727 Niobe
900 3709 918 3735 ‚
960 3670 1109 3738 cujus
1127 3670 1293 3723 frater

270 3757 472 3822 Pelops.
488 3753 541 3806 Is
552 3770 662 3822 pre
676 3752 819 3804 luctu
835 3760 1033 3804 vestem
1056 3748 1288 3817 deducit,

267 3842 428 3903 atque
451 3833 525 3886 ita
543 3831 800 3886 humerus
823 3830 937 3899 ejus
959 3839 1188 3899 apparet.
1201 3828 1291 3883 Sic

267 3910 563 3967 intruditur
598 3911 770 3979 potius
790 3948 805 3974 ‚
843 3926 1003 3976 quam
1038 3907 1292 3960 intexitur

266 3989 459 4046 sabula.
471 4012 538 4027 —-
552 3987 652 4039 Ad
658 3993 867 4054 pectora
883 3987 1098 4038 dedat?
1110 3990 1290 4038 νει-1η.

270 4069 357 4123 Ita
373 4105 391 4133 ‚
419 4064 553 4118 libro
578 4063 664 4116 Ill
682 4102 697 4129 ,
727 4064 825 4130 480
849 4102 865 4129 ,
886 4081 1084 4116 samma
1105 4069 1292 4117 testem

268 4147 515 4200 deducere
534 4145 603 4194 ab
621 4160 715 4193 ota
730 4180 744 4203 ,
773 4139 914 4209 quod
935 4138 1095 4193 fiebat
1112 4138 1295 4209 planc-

268 4232 357 4277 tus
378 4238 547 4274 causa.
566 4244 636 4259 -
648 4217 877 4271 &ati-Iro.
893 4215 1189 4283 Palatinus,
1214 4221 1294 4269 si·-

271 4304 520 4365 nistram·
552 4294 696 4366 quod
717 4293 985 4366 eleganter
1005 4293 1205 4352 dietum
1221 4293 1291 4353 νὶ-

501 4397 658 4467 ΙΙΙ.

1388 2023 1546 2078 detur
1566 2025 1778 2080 Daniel.
1799 2027 2037 2084 Heinsio.
2057 2030 2208 2104 Regii
2222 2040 2408 2107 nostri,

1386 2107 1609 2159 sthistm.
1641 2103 1741 2157 Ed.

1452 2184 1567 2253 409.
1596 2184 1705 2248 Qui
1717 2187 1862 2237 locus
1884 2195 1980 2239 etc.
2002 2226 2018 2253 ,
2041 2190 2262 2259 scapula.
2285 2192 2408 2246 Lu-

1382 2258 1564 2314 cianus
1587 2263 1859 2330 ὠμοπλάτην
1882 2260 2056 2319 habet.
2077 2292 2143 2307 -·
2158 2266 2242 2322 De
2265 2289 2405 2344 syu-

1386 2339 1489 2392 taxi
1503 2340 1686 2408 juguli
1699 2346 1892 2396 medias
1914 2351 1971 2397 ct
1986 2347 2187 2411 lacerti,
2208 2348 2328 2405 vide
2343 2351 2412 2406 ad

1388 2413 1461 2483 V,
1479 2416 1591 2484 644.
1606 2446 1676 2459 —
1702 2421 2059 2487 C'omreaelis.
2086 2420 2272 2480 Codex
2289 2427 2409 2483 Re-

1386 2491 1500 2563 gius
1512 2494 1559 2546 B
1574 2494 1699 2565 legit
1712 2502 2260 2567 conoeue'eaet1215minus
2272 2516 2408 2575 apte.

1386 2571 1483 2623 Ed.
1507 2599 1574 2611 —
1588 2575 1752 2628 Facto
1774 2578 1865 2628 illo
1880 2617 1894 2636 ‚
1927 2577 2017 2630 illo
2033 2578 2276 2634 Deorum
2301 2583 2409 2637 be·-

1384 2648 1592 2702 neficio.
1617 2653 1714 2705 Ed.
1735 2680 1804 2694 -
1824 2656 2058 2722 latagum·
2089 2659 2176 2711 cui
2197 2661 2404 2716 nullum
2442 2704 2449 2710 .

1384 2727 1692 2781 membrum
1719 2728 1898 2797 deest,
1937 2736 2177 2809 ὅλὸκλημς.

1465 2804 1717 2873 412-676.
1758 2809 1957 2861 Procne
1981 2850 1995 2872 ‚
2040 2813 2321 2867 Philomela
2359 2825 2415 2869 et

1394 2883 1577 2939 Tenus
1597 2885 1653 2934 in
1674 2901 1807 2936 aves.
1834 2887 2069 2939 Pandion
2090 2889 2146 2942 11
2161 2928 2177 2957 ,
2201 2889 2410 2946 Cecro-

1382 2958 1462 3029 pis
1485 2958 1541 3012 11
1564 2958 1730 3027 filius,
1761 2971 1913 3029 pater
1948 2962 2103 3033 AEgei
2126 3004 2141 3033 ,
2179 2968 2270 3036 qul
2304 2988 2405 3023 re·-

1385 3036 1563 3106 gnavit
1586 3055 1729 3090 anno
1758 3039 1883 3092 1333
1906 3079 1922 3108 ,
1964 3052 2086 3096 ante
2112 3061 2200 3096 ιτ.
2227 3044 2358 3099 Chr.
2386 3089 2403 3116 ,

1382 3113 1513 3168 filias
1537 3113 1721 3169 habuit
1743 3118 1966 3171 Procnen
1983 3130 2037 3174 et
2051 3123 2397 3189 Philomelam,

1384 3212 1613 3264 quarum
1650 3195 1882 3264 priorem
1915 3200 2067 3251 Tereo
2092 3199 2284 3256 Thraci
2306 3243 2322 3271 ,
2350 3215 2410 3258 ut

1386 3291 1511 3343 opes
1535 3292 1654 3328 suas
1687 3275 1940 3329 stabiliret
1967 3317 1982 3345 ,
2030 3278 2086 3331 in
2121 3282 2410 3337 matrimo-

1384 3357 1540 3410 nium
1563 3355 1722 3412 dedit.
1765 3356 1854 3412 sie
1877 3360 2159 3416 Pausanias
2183 3403 2199 3432 ,
2244 3364 2403 3434 Attio.

1388 3453 1438 3504 p.
1467 3436 1554 3499 13;
1579 3453 1769 3489 verum
1783 3436 1977 3490 Noster
1989 3437 2242 3493 intellexit
2261 3442 2408 3495 Pan-

1386 3513 1602 3567 dionem
1629 3513 1655 3566 1
1674 3552 1690 3581 ‚
1719 3513 2051 3569 Erichthonii
2082 3516 2252 3570 filium
2269 3559 2285 3587 ,
2313 3522 2405 3591 qui

1387 3589 1488 3642 suit
1504 3588 1656 3642 annis
1682 3592 1773 3643 130
1791 3591 2072 3660 antiquior.
2086 3593 2226 3647 Nam
2244 3596 2406 3666 infra,

1388 3684 1541 3720 versu
1578 3666 1674 3736 677
1692 3705 1707 3734 ,
1746 3668 1861 3737 ejus
1904 3686 2256 3724 successorem
2286 3673 2411 3731 facit

1387 3743 1704 3799 Erechthea.
1719 3744 1813 3800 Sic
1833 3746 1992 3800 etiam
2018 3749 2405 3819 Apollodorus;
2483 3752 2486 3757 ’

1387 3833 1442 3876 et
1454 3822 1590 3876 hanc
1606 3820 1928 3877 Ovidianam
1940 3825 2204 3880 rationem
2216 3830 2407 3898 probat

1389 3901 1689 3967 Meursius,
1715 3901 1888 3972 Regn-
1905 3903 2063 3956 Attic.
2091 3905 2279 3973 lib.11,
2295 3927 2407 3978 cap.

1388 3982 1420 4046 4
1439 3988 1495 4031 et
1516 3981 1561 4031 5.
1575 3978 1781 4032 Tereus
1805 3991 1985 4035 autem
2008 3992 2088 4035 est
2108 3986 2411 4055 exemplum

1388 4054 1619 4109 hominis
1648 4057 2011 4112 immanissimi
2034 4099 2050 4127 ,
2086 4071 2139 4114 et
2171 4081 2290 4131 quae
2322 4065 2410 4123 hic

1388 4132 1616 4187 traditur
1652 4134 1824 4189 sabula
1842 4174 1857 4203 ,
1897 4155 2010 4190 non
2035 4137 2148 4192 sine
2187 4139 2410 4204 horrore

1389 4213 1551 4267 animi
1591 4213 1788 4286 perlegi
1829 4225 2012 4284 potest.
2062 4217 2199 4272 Nam
2241 4240 2411 4290 quum

1389 4291 1740 4347 Philomelam
1779 4292 1835 4347 in
1874 4313 2102 4367 mgnum
2144 4317 2301 4354 suum
2342 4300 2409 4355 ad

2051 4421 2141 4490 29
