3217 5134
770 518 890 583 138

1318 519 1398 583 P.
1458 518 1814 587 OVIDII
1857 516 2309 588 NASONIS

613 747 620 754 ι
733 653 972 754 ”Cujus
1005 655 1175 729 ebur
1203 655 1492 731 nitidum
1524 655 1786 754 fastigia
1820 687 2075 733 summa
2107 659 2417 747 tenebat3

760 771 1039 867 Argenti
1069 771 1319 847 bifores
1352 773 1704 848 radiabant
1737 773 1985 849 lumine
2021 774 2243 851 valvae.

759 889 1109 964 Materiem
1142 891 1502 992 superabat
1531 920 1702 994 opus
1732 921 1748 965 ε
1785 920 1936 966 nam
1973 890 2313 966 Mulciber
2345 889 2481 968 illic
2865 913 2893 964 5

762 1083 991 1136 Tectum
1014 1081 1228 1154 quidem
1250 1083 1496 1155 Capitolii
1519 1104 1652 1155 puro
1675 1084 1778 1138 ful-

760 1161 915 1231 gebat
929 1181 1055 1215 auro
1079 1182 1095 1215 .·
1121 1162 1308 1217 Senec.
1337 1162 1593 1217 Controv.
1620 1164 1677 1232 1,
1702 1164 1750 1216 6.

825 1239 874 1293 3.
919 1243 1153 1294 Tenebat.
1189 1239 1343 1295 Idem
1378 1239 1514 1295 Cod.
1546 1242 1676 1311 Reg-
1713 1240 1778 1294 Β.

683 1353 690 1362 ·
759 1320 985 1386 tegebas,-
1001 1317 1132 1371 alter
1145 1337 1291 1385 vero,
1310 1322 1522 1373 tenebat.
1533 1348 1602 1360 —
1614 1322 1780 1372 Fasti-

760 1399 866 1463 σία.
889 1383 1048 1464 derel,
1084 1397 1361 1466 ἄιτώματα,
1388 1399 1597 1468 propria
1627 1408 1781 1451 erant

761 1473 1087 1543 templorum
1141 1475 1510 1546 regiarumque
1565 1475 1780 1530 divina—

761 1570 917 1618 rum,
955 1570 1131 1622 neque
1157 1554 1209 1605 in
1237 1553 1346 1606 aliis
1373 1553 1600 1608 aedificiis
1629 1556 1781 1609 sere-

762 1629 974 1685 bantur.
1031 1630 1201 1685 Erant
1240 1641 1420 1685 autem
1457 1632 1735 1702 pinnacula
1760 1671 1776 1700 ,

764 1708 952 1777 quibus
968 1747 984 1775 ,
1003 1708 1269 1779 dignitatis
1281 1729 1433 1764 causa
1445 1751 1461 1777 ,
1482 1721 1617 1765 tecta
1630 1721 1781 1765 tem-

763 1787 976 1857 plorum
1017 1789 1231 1842 elatiora
1255 1788 1602 1860 (privatarum
1636 1790 1782 1844 enim

766 1864 959 1919 aedium
984 1876 1120 1920 tecta
1148 1868 1302 1938 plana
1330 1869 1504 1933 erant)
1523 1869 1592 1940 ‘in
1617 1888 1782 1922 cacu-

766 1945 910 1999 mine
922 1947 1557 2016 exornabantur.Fasti51'a
1569 1967 1779 2010 summa,

766 2025 799 2076 i.
823 2043 869 2076 e.
891 2024 947 2076 in
978 2044 1189 2078 summo
1217 2036 1354 2081 tecto
1378 2046 1390 2079 :
1426 2026 1544 2080 vide
1569 2026 1783 2081 Ernesti

773 2101 919 2156 Clav.
947 2102 1058 2158 Cic.
1081 2103 1132 2158 b.
1158 2123 1208 2156 v.
1231 2105 1454 2176 Fastigia
1474 2104 1786 2175 plerumque

767 2192 956 2235 onusta
991 2192 1146 2236 erant
1179 2181 1376 2253 signis:
1411 2183 1528 2237 vide
1563 2185 1789 2239 Pausan.

773 2258 962 2327 passim
981 2299 996 2327 ,
1033 2260 1088 2313 in
1113 2260 1294 2330 primis
1322 2260 1409 2314 lib.
1425 2262 1486 2311 -V
1504 2299 1521 2327 ,
1555 2282 1607 2332 p.
1631 2262 1732 2335 399
1748 2281 1787 2315 s.

770 2337 860 2391 Sic
882 2336 940 2391 in
957 2337 1139 2408 templi
1156 2337 1440 2408 Apollinis,
1464 2340 1529 2393 ab
1549 2340 1791 2410 Augusto

771 2413 1031 2480 dedicati,
1066 2415 1270 2485 fastigio
1291 2425 1405 2469 erat
1435 2434 1625 2471 aureus
1654 2417 1791 2472 Solis

772 2513 971 2547 currus.
997 2494 1239 2564 Propert-
1258 2494 1332 2563 11,
1359 2511 1502 2548 xxm
1526 2535 1540 2562 ,
1569 2516 1645 2550 ιι.
1670 2498 1790 2551 Ita-

774 2592 878 2642 que
915 2583 970 2626 et
1000 2571 1053 2625 b.
1089 2572 1126 2627 Ι.
1160 2576 1283 2626 ebur
1314 2573 1509 2645 accipio
1536 2574 1601 2628 de
1631 2575 1789 2645 signis

772 2653 1016 2707 eburneis
1039 2652 1096 2706 in
1119 2652 1324 2724 fastigio
1346 2653 1606 2708 collocatis
1633 2673 1646 2708 ε
1667 2659 1793 2708 nile·-

771 2734 905 2794 dum,
931 2730 1311 2786 candidum—
1330 2734 1516 2786 Tenere
1527 2733 1703 2787 locum
1717 2733 1792 2786 di-

773 2821 1000 2878 cuntur,
1037 2830 1155 2881 qua
1178 2812 1233 2864 in
1258 2830 1324 2867 eo
1353 2810 1600 2865 collocata
1631 2822 1790 2866 sunt:

773 2888 890 2942 vide
917 2890 1103 2944 Heius.
1126 2883 1195 2944 ad
1220 2890 1305 2944 ΙΙῙ
1329 2891 1468 2945 Fast.
1486 2930 1503 2957 ,
1528 2911 1642 2964 ⁴³¹9·
1669 2890 1794 2946 Ce-

773 2979 949 3032 terum
982 2968 1049 3022 de
1073 2966 1325 3039 dignitate
1343 3007 1358 3036 ,
1397 2988 1556 3038 quam
1586 2969 1792 3040 templis

775 3045 979 3099 addunt
1003 3049 1246 3100 columna
1257 3055 1312 3101 et
1311 3046 1566 3116 [αι-ἤμει,
1585 3048 1651 3101 es.
1681 3047 1795 3103 Cic.

778 3123 929 3179 Orat.
957 3124 1075 3191 111,
1105 3126 1186 3192 46.
1714 3159 1723 3164 ·

839 3206 888 3271 4.
923 3205 1144 3272 Argenti
1157 3205 1358 3273 blfivres.
1391 3206 1569 3261 Etiam
1594 3206 1730 3260 sorib

778 3300 1000 3352 magnus
1024 3280 1314 3336 addebatur
1336 3295 1584 3349 ornatus3
1617 3284 1792 3354 itaque

776 3380 987 3432 semper
1002 3380 1186 3414 earum
1203 3360 1263 3416 fit
1272 3363 1476 3416 mentio
1488 3362 1542 3416 in
1562 3362 1796 3432 descrip-

777 3441 1007 3496 tionibus
1029 3442 1319 3513 regiarum:
1334 3443 1398 3496 es.
1421 3443 1584 3497 Hom.
1601 3441 1708 3497 Od.
1726 3455 1761 3498 z
1776 3483 1793 3511 ‚

785 3527 927 3592 1931‘
944 3518 1082 3589 ,ηὸγ
1100 3558 1115 3585 ,
1142 3519 1196 3572 in
1213 3519 1497 3590 primisque
1519 3529 1585 3588 fl,
1605 3521 1668 3574 82
1683 3539 1797 3591 sqq.

779 3597 870 3651 ubi
894 3598 1037 3668 regia
1054 3598 1260 3653 Alcinoi
1278 3598 1602 3654 describitur.
1621 3597 1799 3654 Cura-

781 3677 952 3742 batur,
970 3687 1030 3730 'ul
1050 3688 1223 3731 essent
1244 3682 1433 3754 εὖιῃιῖς
1452 3688 1509 3732 et
1521 3686 1717 3748 farneti.
1731 3706 1799 3719 —

789 3759 962 3810 Valeo
982 3755 1036 3809 iu
1062 3756 1243 3827 primis
1268 3768 1422 3812 erant
1441 3758 1794 3829 templorum,

781 3845 834 3888 et
853 3833 1300 3905 complicabantur
1318 3836 1390 3889 ita
1404 3875 1420 3903 ,
1440 3847 1500 3890 ut
1518 3835 1573 3889 in
1593 3856 1649 3891 se
1664 3836 1798 3905 ipsas

778 3914 923 3969 intus
962 3913 1359 3969 revolverentur
1399 3930 1413 3965 τ
1460 3915 1578 3970 vide
1615 3916 1798 3971 Barth.

784 3993 1004 4049 Advers.
1027 3995 1125 4048 XL
1144 4036 1161 4065 ,
1193 4015 1268 4049 ιο.
1297 3995 1442 4050 Hinc
1461 3995 1650 4063 bzfotes
1670 4000 1798 4050 val-

783 4091 853 4124 νο
867 4112 881 4136 ,
923 4077 1049 4148 Θύραι
1090 4081 1286 4135 δικλίδες
1302 4113 1317 4141 ,
1356 4077 1618 4151 διέεριςαι.
1661 4074 1800 4128 Val-

786 4167 861 4202 vae
886 4150 1068 4220 templi
1096 4150 1380 4221 Capitolini
1402 4151 1609 4206 laminis
1629 4152 1800 4206 aureis

784 4226 1023 4281 obductae
1045 4239 1197 4282 erant
1215 4268 1232 4296 ,
1268 4229 1360 4283 sed
1384 4229 1466 4283 hae
1489 4241 1681 4284 nostra!
1702 4249 1799 4283 ar—

784 4315 957 4376 gento.
979 4305 1056 4359 Ut
1076 4304 1159 4360 hic
1172 4309 1339 4361 lumen
1353 4312 1574 4375 argenti,
1593 4307 1665 4360 sic
1685 4305 1798 4359 Val.

1873 1084 2011 1137 Flac.
2038 1084 2156 1150 111,
2189 1103 2314 1152 100,
2340 1082 2481 1150 firm·
2503 1086 2699 1145 lumen,
2740 1102 2809 1137 sc.
2840 1082 2896 1136 in

1872 1161 2209 1231 splendorem
2222 1159 2345 1214 dati.
2357 1188 2426 1200 —
2436 1162 2662 1213 Badiam
2672 1158 2897 1212 verbum

1874 1238 2104 1308 antiun
2129 1238 2431 1308 elegantia,
2456 1236 2631 1306 judice
2663 1235 2900 1290 Broukb.

1875 1318 1941 1372 ad
1958 1320 2279 1390 Propert.1‚
2306 1336 2409 1387 xv,
2442 1339 2467 1389 7
2486 1358 2500 1384 ‚
2528 1318 2618 1372 ubi
2644 1318 2825 1389 plures
2846 1329 2921 1372 et·

1876 1397 2025 1452 Nost.
2044 1399 2199 1453 Pont.
2218 1398 2332 1465 111,
2358 1415 2433 1461 w,
2458 1398 2553 1451 103
2569 1437 2584 1462 ‚
2600 1400 2901 1451 mellariae-

1874 1475 2131 1546 eipientes
2160 1477 2339 1530 refert.
2374 1474 2482 1530 Sed
2509 1476 2631 1529 alibi
2652 1479 2764 1531 fere
2793 1477 2901 1530 vim

1876 1554 2097 1608 activam
2120 1553 2307 1621 babet,
2334 1552 2671 1625 splendorem
2695 1554 2842 1608 dare.

1943 1636 1991 1686 5.
2010 1632 2275 1685 Mater-iem
2305 1631 2403 1703 (sic
2418 1671 2433 1699 ,
2471 1652 2582 1686 non
2604 1638 2867 1686 materian
2888 1655 2903 1685 .-

1878 1708 1980 1762 vid.
1996 1709 2214 1762 Salmas.
2234 1708 2299 1762 ad
2314 1709 2481 1762 Solin.
2497 1730 2548 1779 p.
2565 1708 2691 1779 328)
2701 1729 2908 1778 supen-

1877 1790 2122 1855 batopus,
2138 1797 2198 1839 ut
2215 1786 2331 1840 fieri
2344 1787 2476 1844 solet
2487 1788 2545 1841 in
2560 1788 2805 1858 operibus
2817 1807 2907 1841 ar-

1879 1866 2095 1920 tificiose
2106 1865 2378 1920 fabricatis.
2387 1868 2527 1934 Opus
2537 1877 2719 1921 autem
2736 1886 2907 1936 quum

1879 1944 1944 1998 de
1962 1945 2117 1998 rebus
2132 1955 2242 1998 arte
2259 1945 2403 1998 sactis
2418 1944 2608 1999 dicitur
2622 1986 2637 2014 ‚
2658 1956 2714 1999 et
2737 1965 2908 2016 oppo-

1879 2022 2029 2076 nitur
2041 2028 2284 2085 maleriae,
2307 2022 2721 2078 elaborationem
2751 2023 2907 2094 signi·

1883 2110 1966 2155 cat
1983 2140 1999 2168 ‚
2023 2101 2309 2155 dia-Arbae?
2320 2104 2496 2154 damn.
2519 2099 2712 2155 Claud.
2728 2119 2787 2164 x,
2810 2103 2871 2169 87
2890 2139 2905 2167 ,

1885 2179 1952 2234 de
1997 2182 2142 2251 regia
2190 2179 2421 2234 Veneris
2464 2200 2477 2233 :
2518 2183 2759 2234 Lemnias
2798 2183 2911 2234 hec

1879 2264 2033 2312 ethna
2046 2262 2258 2327 geum&
2277 2264 2530 2312 exstruxit
2546 2266 2602 2311 e!
2616 2279 2746 2312 anto
2757 2300 2773 2321 ‚
2800 2261 2911 2314 Ad·

1881 2344 2099 2392 arescens
2133 2346 2292 2392 artem
2318 2344 2498 2405 pretio.
2556 2337 2806 2392 Artifices
2848 2338 2909 2392 in

1881 2417 2080 2471 foribus
2100 2455 2115 2483 ‚
2129 2416 2322 2489 clypeis
2335 2455 2350 2481 ,
2366 2415 2548 2470 balteis
2561 2416 2776 2486 aliisque
2789 2435 2913 2487 ope·

1880 2495 2024 2551 ribus
2045 2535 2062 2562 ,
2099 2516 2183 2549 res
2221 2495 2592 2550 memorabiles
2614 2497 2911 2566 exprimere

1881 2575 2116 2630 solebant
2140 2598 2153 2641 ς
2189 2587 2345 2645 atque
2366 2577 2422 2629 in
2449 2576 2555 2630 istis
2579 2576 2909 2647 argumentis

1884 2655 2237 2710 describendis
2288 2655 2496 2725 placent
2552 2655 2649 2709 sibi
2697 2667 2868 2726 poeta>
2890 2697 2906 2723 ‚

1885 2737 2054 2789 Hom.
2070 2736 2325 2806 exemplo.
2350 2738 2416 2790 In
2435 2735 2516 2790 his
2535 2736 2736 2791 foribus
2754 2754 2910 2790 mun-

1884 2813 1981 2869 dus
2020 2815 2298 2868 universus
2333 2816 2665 2885 spectabatur
2680 2856 2696 2882 ,
2747 2835 2909 2886 quem

1885 2891 1977 2946 Sol
2010 2892 2125 2946 luce
2160 2912 2253 2946 sua
2291 2894 2574 2947 collustrat.
2616 2893 2700 2948 De
2746 2899 2915 2949 ulvis

1883 2971 2207 3040 templorum
2224 2991 2320 3041 per
2332 2972 2451 3025 talia
2470 2971 2789 3026 emblemata
2806 2991 2914 3026 ma·

1886 3051 2075 3120 gnifice
2092 3051 2350 3105 exornatis
2363 3050 2481 3104 vide
2500 3050 2611 3104 Cir..
2627 3050 2784 3104 Verr.
2798 3052 2879 3106 1v
2891 3091 2906 3117 ,

1887 3129 1952 3183 55
1977 3151 1992 3194 ς
2037 3129 2171 3183 Plin.
2208 3130 2280 3183 H.
2312 3130 2376 3183 N.
2419 3129 2496 3182 lx
2515 3167 2530 3192 ‚
2583 3129 2642 3180 23
2664 3150 2678 3191 ;
2724 3129 2911 3199 virgil.

1887 3204 2082 3276 Georg.
2111 3208 2228 3272 111,
2261 3207 2339 3260 26.
2358 3234 2426 3247 —
2446 3207 2707 3260 maner.
2735 3204 2909 3259 codd.

1885 3287 2051 3340 nostri
2073 3286 2328 3352 Inlcffer.
2364 3285 2515 3339 Talia
2548 3303 2709 3354 opera
2730 3285 2915 3339 elabo-

1885 3384 2004 3420 rare
2015 3364 2216 3419 solebat
2235 3366 2488 3418 Mulciber
2496 3383 2591 3417 seu
2607 3363 2876 3417 Vulcanus
2894 3405 2909 3429 ‚

1885 3442 2151 3496 fabrilium
2173 3441 2367 3494 artium
2385 3460 2570 3511 praeses
2586 3451 2643 3493 et
2666 3460 2758 3494 rex
2772 3481 2789 3508 ,
2816 3441 2910 3509 qui

1889 3518 2070 3573 omnia
2092 3518 2335 3572 Deorum
2360 3536 2521 3589 opera
2546 3518 2806 3572 metallica
2828 3519 2911 3570 sa-

1889 3616 2009 3652 oere
2032 3596 2245 3651 solebat.
2281 3600 2507 3651 Calates
2519 3595 2667 3664 som
2688 3594 2915 3649 babebat

1890 3677 2049 3732 etiam
2065 3674 2417 3746 Capitolium:
2439 3674 2626 3729 Claud.
2640 3673 2911 3740 XXVIII,

1890 3755 1971 3822 46.
2015 3755 2086 3809 Et
2111 3767 2264 3810 erant
2284 3759 2468 3808 celata
2497 3773 2657 3824 opera
2692 3751 2913 3806 maximi

1891 3833 2144 3903 pretii-De
2156 3833 2325 3888 verbis
2332 3837 2511 3887 celcra
2522 3842 2579 3887 et
2588 3837 2783 3910 τορεύειν
2791 3830 2912 3884 vide

1893 3912 2071 3985 Heyn.
2090 3912 2147 3965 in
2169 3914 2343 3981 Antis.
2368 3912 2704 3980 Aufsaeetzeae.
2726 3911 2790 3964 Ρ.
2820 3908 2878 3964 11
2893 3947 2911 3976 ‚

1893 4013 1944 4063 p.
1968 3992 2062 4045 130
2076 3992 2278 4061 sqq.ubi
2300 3990 2481 4059 docet,
2516 3991 2604 4043 illa
2625 3992 2737 4044 sere
2757 4008 2913 4045 sem·-

1894 4089 1991 4141 per
2033 4068 2134 4123 dici
2177 4069 2243 4123 de
2281 4086 2440 4138 opere
2498 4068 2712 4139 plastico
2739 4107 2755 4136 ,
2814 4085 2915 4121 ven

1890 4152 2168 4203 erhabmae
2200 4150 2411 4215 Figura
2442 4150 2599 4201 lamb
2635 4149 2784 4200 ὢν.
2811 4148 2922 4198 aad

1902 4228 2055 4280 Guss.
2101 4225 2426 4294 Quanquam
2458 4224 2606 4295 signa
2640 4220 2913 4278 interdum

1898 4316 1953 4359 et
1976 4305 2161 4376 illigari
2179 4303 2428 4358 solebant.
