3217 5134
189 4061 254 4118 uf

900 0 1443 8 -ἡὴτ-ν-ψ--ῇν--τ--ῄ
1458 2 1521 7 ἡ
1532 0 3186 28 νῃντ--ῄ-ᾞ-ν-ᾑῂ--ὴ

683 550 1726 622 METAMORPHOSEON
1779 557 1973 624 LIB.
2025 559 2084 625 I.

316 691 520 767 Haud
557 693 818 767 timeam
847 694 1073 790 magni
1105 695 1349 770 dixisse
1389 696 1642 771 Palatia
1677 696 1836 772 caeli.

2370 581 2447 651 71

398 813 583 906 Ergo
620 810 742 883 ubi
772 840 1142 886 marmoreo
1180 813 1422 914 Superi
1457 813 1681 888 sedere
1716 843 1977 890 recessu
1997 872 2017 905 ‚

319 925 585 1001 Celsior
617 927 759 1028 ipse
794 926 944 1002 loco
969 985 987 1018 ‚
1022 946 1421 1030 sceptroque
1455 930 1723 1005 innixus
1759 932 2018 1006 eburno
2045 989 2089 1022 ‚-

316 1042 703 1117 Terrificam
737 1045 973 1146 capitis
1009 1047 1348 1121 concussit
1381 1064 1611 1147 terque
1648 1066 2012 1150 quaterque

321 1159 707 1248 Caesariem,
744 1189 894 1234 cum
936 1190 1067 1264 qua
1100 1179 1374 1249 terram,
1409 1191 1624 1253 mare,
1660 1165 1876 1240 sidera
1897 1221 1917 1255 ‚
1954 1166 2183 1241 movit.

2366 1189 2460 1243 xeo

319 1274 606 1350 Talibus
639 1276 793 1351 inde
828 1277 1046 1350 modis
1083 1307 1199 1352 ora
1229 1278 1641 1376 indignantia
1678 1280 1923 1356 solvit:

325 1426 366 1457 α
406 1395 568 1465 Non
598 1422 724 1488 ego
759 1423 884 1495 pro
920 1394 1154 1468 mundi
1187 1423 1398 1491 regno
1430 1396 1644 1492 magis
1675 1398 1911 1471 anxius
1942 1395 2057 1471 illa

322 1600 491 1659 parat.
528 1589 734 1644 Eadem
772 1592 1093 1661 comparatio
1133 1602 1188 1645 et
1228 1592 1343 1654 111,

323 1670 488 1722 Trist.
513 1687 534 1721 1
552 1708 569 1736 ,
596 1671 779 1724 35-38.
810 1671 934 1723 Jam
954 1670 1092 1742 apud
1119 1672 1344 1725 Homer.

326 1746 438 1802 od.
466 1756 525 1816 δ’,
567 1752 658 1819 74,
681 1749 1029 1804 Telemachus
1053 1771 1175 1806 cum
1199 1751 1348 1805 ,Iovis

325 1826 600 1899 Olympici
649 1828 766 1881 aula
801 1828 1072 1899 componit
1111 1829 1348 1884 Menelai

324 1905 548 1974 regiam.

397 1983 510 2050 176.
526 1984 907 2038 Haudle‘meam.
925 1984 1196 2054 Quatuor‚
1212 1986 1357 2036 baud

320 2061 562 2113 dubitent.

397 2158 420 2190 ι
430 2160 457 2208 7
465 2160 507 2207 7.
521 2142 762 2194 Recessit.
772 2141 810 2194 J
813 2142 991 2196 unian.
1003 2147 1213 2198 theatro.
1225 2144 1350 2196 Mo-

325 2227 464 2269 nent
487 2218 677 2273 Heins-
698 2230 753 2273 et
782 2219 967 2274 Burm.
1005 2231 1059 2274 et
1081 2221 1201 2275 alibi
1231 2221 1350 2275 talia

323 2295 442 2350 loca
462 2299 674 2351 theatris
690 2301 982 2369 comparari
998 2342 1013 2369 ‚
1038 2301 1159 2371 quia
1178 2301 1349 2356 Graeci

324 2377 383 2429 in
409 2377 626 2433 theatris
648 2392 939 2435 conventus
964 2381 1259 2436 habuerint.
1282 2407 1351 2424 -—

325 2459 482 2525 Ergo.
500 2458 629 2512 Post
644 2459 1020 2528 digressionem
1029 2472 1239 2515 revocat
1252 2462 1350 2515 lec·

328 2547 505 2590 torem
529 2537 593 2590 ad
616 2541 936 2594 sententiam
961 2542 1233 2611 abruptam
1255 2581 1270 2608 ‚
1295 2540 1348 2604 h.

265 2637 278 2653 ν
324 2613 361 2666 l.
376 2614 442 2667 ad
456 2635 590 2669 vers.
610 2618 1039 2671 166.-—Beccssus
1055 2629 1108 2672 et
1121 2637 1351 2672 secessus

329 2691 585 2747 dicuntur
611 2695 797 2748 intima
822 2695 1015 2749 tedium
1049 2697 1313 2750 conclavia
1331 2736 1348 2764 ‚

325 2770 385 2823 in
405 2771 597 2839 quibus
615 2774 826 2843 negotia
845 2792 1031 2827 arcana
1044 2774 1252 2829 tractari
1267 2794 1353 2828 so-

326 2847 527 2902 lebant.
550 2849 690 2903 Vide
710 2850 973 2904 Schwarz.
993 2851 1056 2904 ad
1084 2852 1220 2907 Plin.
1242 2853 1349 2906 Pa-

328 2943 451 2995 ηις.
472 2927 539 2979 83
559 2965 575 2992 ,
608 2948 649 2980 ι.
673 2928 763 2982 Sic
777 2938 832 2981 et
855 2928 961 2982 vll
979 2969 994 2994 ,
1021 2929 1154 2999 67ος
1183 2928 1349 2998 XIV,

330 3011 424 3064 261
441 3043 456 3071 ,
475 3006 568 3059 ubi
591 3006 746 3063 Circe
764 3013 977 3077 pulchm
998 3013 1142 3063 sedet
1153 3029 1354 3063 recessu

330 3091 575 3142 sallem&
600 3089 746 3139 soleb.
782 3112 852 3128 -—·
877 3089 1071 3140 Celsior
1093 3091 1204 3154 epse
1225 3091 1353 3140 loco.

333 3167 629 3222 sublimior
649 3167 878 3233 caeteris,
913 3176 972 3219 ut
997 3185 1146 3237 reges
1167 3164 1350 3221 sedere

333 3250 534 3316 solent,
556 3265 665 3318 quo
678 3247 873 3301 facilius
894 3247 1242 3316 conspiciatur
1261 3235 1358 3299 ziu-

335 3329 616 3398 diaturque
643 3327 707 3380 ab
730 3327 991 3380 omnibus.
1028 3355 1095 3366 —
1116 3328 1358 3394 Sceptro-

333 3412 647 3475 qaeiaem'xns
657 3408 856 3458 eburno.
880 3405 1095 3475 Sceptra
1115 3414 1357 3457 veterum

335 3506 526 3556 regum
542 3496 694 3540 erant
711 3483 910 3538 hastilia
927 3523 942 3550 ,
962 3484 1132 3537 aureis
1146 3484 1358 3536 εει-εἰπε

335 3565 489 3619 bullis
513 3574 703 3616 emata
728 3602 743 3629 ,
784 3581 814 3615 e
851 3562 995 3631 ligno
1029 3571 1120 3614 aut
1160 3561 1319 3614 ebore
1339 3579 1355 3630 ς

337 3667 564 3720 σκῆπτρον
578 3661 606 3695 2
625 3653 826 3708 σκῆπτρα.
850 3643 1072 3702 Ianuar,
1093 3639 1358 3693 incumbo.

337 3724 440 3775 Ed.
453 3749 530 3762 -
549 3721 723 3789 Reges
743 3719 872 3772 olim
894 3717 976 3771 vel
994 3716 1173 3770 dextra
1195 3728 1360 3770 tene-

335 3799 467 3852 bant
501 3803 749 3865 sceptrum
779 3806 1017 3849 ereetum
1043 3834 1059 3863 ,
1101 3794 1183 3848 vel
1208 3794 1256 3847 ei
1275 3799 1360 3847 in-

299 3899 306 3906 ·
339 3882 641 3932 utebantur.

415 3977 526 4028 179.
552 3958 837 4025 Tetrfficam
839 3993 917 4008 .....
939 3958 1105 4009 mouit.
1135 3953 1363 4025 Expres-

342 4053 464 4089 enm
486 4045 564 4088 est
577 4054 640 4088 ex
657 4034 981 4089 nobilissimo
999 4034 1115 4088 loco
1133 4034 1360 4087 Homer.

344 4117 370 4171 Ῐ
375 4118 404 4170 Ι.
417 4143 478 4182 σε,
499 4119 600 4190 529
617 4135 731 4185 sqq.
749 4104 1012 4193 A’ph'peiaecoee
1032 4114 1077 4168 a?
1094 4117 1182 4188 ἄρα
1196 4125 1362 4182 χαῖται

342 4201 655 4276 ἷτιῇῥῶσαντο
690 4201 875 4258 ἔνιαι-ος
905 4200 1064 4273 nepai-35
1091 4193 1168 4247 ἄπ’
1190 4195 1362 4254 ἐθανά-

343 4291 451 4330 rua·
496 4279 646 4342 μέγαν
690 4272 735 4328 δ’
775 4276 963 4342 ε’λέλιεευ
1007 4265 1236 4341 (Dama-w.
1283 4271 1364 4325 lbi

346 4351 648 4425 Olympum
673 4361 882 4406 tantum
901 4360 1081 4404 movet
1099 4388 1115 4416 ‚
1150 4349 1271 4419 quia
1288 4347 1364 4403 nil

1445 1592 1546 1647 nisi
1569 1593 1756 1646 annuit
1779 1593 1947 1664 capite
1969 1614 1982 1648 :
2012 1595 2104 1649 sed
2125 1594 2213 1649 hic
2239 1598 2464 1666 graviter

1443 1673 1717 1739 indignans
1759 1672 1830 1725 ita
1875 1683 2032 1743 caput
2085 1674 2349 1742 concutit,
2406 1686 2465 1729 ut

1441 1756 1577 1802 terra
1593 1789 1609 1817 ,
1640 1770 1799 1812 mare,
1830 1754 2000 1804 sidera
2014 1761 2244 1807 tremam
2261 1768 2275 1803 ε
2293 1774 2465 1824 quan-

1443 1847 1608 1898 quarn
1641 1829 1780 1900 apud
1814 1829 2006 1884 Catuli.
2030 1831 2096 1884 63
2113 1872 2128 1899 ‚
2155 1834 2275 1896 203,
2302 1847 2463 1890 nutus

1441 1903 1689 1959 eamdem
1702 1905 1809 1958 vim
1820 1905 1978 1961 habet
1992 1927 2005 1960 ε
2017 1910 2189 1961 Tellus
2199 1917 2348 1979 atque
2357 1914 2466 1964 hor·

1442 1988 1557 2036 re’da
1575 1992 1971 2039 contremuerunt
1987 1989 2231 2056 Ᾱῖᾳηονα,
2259 2010 2468 2045 concus-

1443 2069 1607 2131 sitque
1627 2068 1871 2116 micantia
1891 2068 2061 2118 sidera
2081 2071 2304 2120 mundus.
2334 2069 2466 2123 Haec

1443 2141 1556 2194 loca
1573 2140 1903 2194 sublimitatis
1922 2142 2134 2197 laudem
2159 2157 2434 2200 merentur
2448 2187 2464 2214 ,

1441 2219 1746 2290 feriuntque
1759 2221 2013 2284 animum,
2027 2222 2349 2279 licetNoster
2358 2227 2465 2278 vim

1444 2298 1585 2351 illam
1601 2337 1616 2365 ,
1639 2297 1845 2367 adjecto
1866 2305 2031 2368 terque
2049 2308 2329 2371 quaterque,
2357 2304 2465 2357 sre-

1446 2377 1595 2447 gerit.
1622 2375 1965 2446 Magnificam
1989 2390 2166 2433 autem
2182 2380 2324 2434 illam
2346 2402 2468 2436 sen-

1445 2455 1668 2509 tentiam
1684 2455 1948 2509 transtulit
1966 2467 2019 2511 et
2033 2456 2096 2510 ad
2116 2458 2240 2512 alios
2254 2499 2269 2526 ‚
2286 2458 2426 2514 VIII
2448 2501 2463 2528 ,

1449 2537 1574 2603 780,
1601 2534 1668 2588 ad
1705 2532 1962 2588 Cererem
1986 2558 2000 2599 ;
2030 2536 2085 2590 11
2113 2556 2175 2590 ex
2195 2538 2353 2592 Pont.
2383 2554 2427 2591 ιι
2448 2580 2463 2608 ,

1444 2614 1529 2678 65,
1547 2611 1614 2665 ad
1630 2612 1930 2681 Augustum
1947 2611 2098 2680 adeo,
2118 2632 2282 2683 quum
2302 2620 2469 2669 vultus

1445 2695 1692 2742 remrken'l
1707 2693 1852 2752 illos,
1888 2692 1995 2757 Qui
2003 2708 2170 2743 secum
2194 2698 2352 2745 tetras
2367 2697 2469 2745 im-

1440 2776 1728 2840 pen‘umque
1752 2778 1961 2825 movent.
1998 2771 2104 2825 Hic
2138 2780 2335 2827 movent
2355 2784 2432 2828 est
2452 2814 2468 2842 ‚

1447 2861 1674 2921 regunt;
1698 2849 1790 2904 sed
1807 2862 1989 2903 nostro
2014 2850 2128 2904 loco
2151 2857 2334 2919 mona,
2361 2863 2471 2907 tre-

1448 2932 1661 2985 mefecit
1679 2970 1694 2997 ‚
1721 2940 1780 2983 ut
1806 2931 1992 2984 Horat.
2021 2930 2104 2985 111
2124 2970 2139 2997 ‚
2178 2930 2287 2985 Od.
2313 2948 2334 2983 1
2356 2972 2371 2999 ‚
2406 2936 2436 2987 8
2454 2973 2469 3000 ‚

1449 3009 1663 3079 Jupiter
1710 3017 1895 3061 cuncta
1937 3012 2205 3075 superct'leb
2259 3029 2471 3064 movens.

1453 3089 1728 3141 Com-assio
1743 3088 1953 3156 signum
1975 3088 2352 3158 indignationis
2372 3131 2387 3158 ‚
2412 3101 2472 3144 ut

1452 3167 1542 3234 11,
1579 3169 1714 3240 849,
1754 3185 1867 3221 cum
1895 3183 2027 3236 qua,
2071 3187 2173 3238 qua
2210 3189 2473 3224 concussa.

1455 3246 1592 3299 Nota
1629 3255 1808 3298 autem
1844 3264 2057 3316 gravem
2092 3266 2284 3301 sonum
2314 3286 2328 3315 ,
2372 3267 2474 3317 qua

1453 3323 1604 3376 omni
1650 3321 1702 3376 h.
1750 3322 1782 3375 l.
1817 3323 1974 3377 verba
2013 3324 2268 3378 incedunt
2293 3364 2308 3392 ,
2368 3345 2473 3395 quo

1453 3401 1615 3455 etiam
1634 3400 1925 3473 asyndeton
1949 3401 2004 3455 in
2029 3410 2208 3456 terram
2234 3403 2478 3456 etc.mul·

1455 3490 1572 3534 tum
1598 3480 1821 3534 confert.

1527 3561 1635 3612 182.
1664 3561 1779 3610 Non
1799 3576 1996 3625 egopm
2017 3559 2304 3611 mundietc.
2336 3556 2475 3626 Quae

1454 3638 1695 3708 sequitur
1726 3638 1894 3690 oratio
1913 3676 1927 3704 ,
1965 3648 2018 3691 et
2039 3637 2173 3690 iram
2195 3638 2390 3708 spirat,
2422 3647 2477 3691 et

1456 3716 1696 3788 gravitati
1729 3714 1877 3768 Jovis
1907 3715 2168 3768 convenit.
2209 3715 2476 3784 Maiestati

1454 3796 1605 3850 Jovis
1643 3796 1969 3849 conveniunt
2003 3794 2116 3861 illa,
2155 3814 2272 3864 quae
2296 3795 2361 3849 de
2388 3815 2477 3848 re-

1457 3894 1564 3946 gno
1590 3873 1778 3928 mundi
1798 3914 1814 3941 ,
1856 3873 1922 3927 de
1947 3873 2225 3944 puniendis
2254 3873 2477 3927 sceleri-

1451 3955 1556 4009 bus
1572 3996 1585 4017 ,
1615 3954 1681 4009 de
1706 3954 1853 4008 novis
1872 3951 2053 4008 incolis
2076 3964 2231 4007 terrae
2253 3949 2440 4006 dandis
2460 3993 2476 4020 ,

1458 4034 1526 4088 de
1554 4032 1780 4103 imperio
1800 4029 1897 4085 suo
1938 4033 1993 4085 in
2020 4031 2164 4085 Deos
2185 4071 2200 4098 ,
2225 4031 2477 4101 loquitur.

1459 4110 1837 4181 Indignitatem
1849 4110 1924 4163 rei
1936 4108 2212 4164 commode
2228 4129 2324 4180 per
2332 4128 2478 4163 com-

1459 4190 1791 4261 parationem
1820 4207 1946 4242 eum
1966 4187 2255 4259 Gigantum
2283 4198 2479 4243 conatu

1460 4269 1649 4341 (quem
1682 4268 1848 4322 lector
1882 4267 2044 4320 modo
2075 4265 2345 4339 cognovit)
2382 4286 2481 4321 os·-

1462 4347 1666 4417 teudit;
1707 4358 1821 4402 erat
1845 4347 1992 4402 enim
2028 4358 2081 4403 et
2104 4345 2238 4416 hoc,
2276 4346 2480 4400 crimen
