3217 5134
144 3068 155 3139 unm--¹

114 3500 121 3527 „„

142 3338 159 3501 -ι-...ι-...ἱ

109 4167 112 4174 .
107 4057 118 4090 ⁴...
101 3861 120 3964 nan-nr

834 536 970 602 ,ιδ
1435 536 1515 602 Ρ.
1565 536 1922 632 ovum
1973 535 2416 607 NAsoMs

844 678 1044 779 Cepit
1076 677 1491 752 Atlantiades
1512 734 1530 765 ,
1569 678 1782 753 dictas
1810 710 1846 754 a
1882 677 2150 754 Pallade
2187 698 2396 755 terras

842 795 1162 896 Linquit,
1201 811 1270 867 et
1303 794 1676 889 ingreditur
1701 796 1961 894 jactatis
1995 797 2238 871 aethera
2272 798 2532 898 pennis,
2886 823 2980 878 835

841 903 1123 978 Sevocat
1156 903 1335 976 hunc
1370 903 1674 999 genitor}
1708 933 1828 978 nec
1863 933 2125 979 causam
2161 905 2377 979 fassus
2405 905 2654 980 amoris
2676 963 2698 995 ,

844 1053 879 1084 «
922 1019 1085 1092 Fide
1117 1020 1451 1109 minister,
1490 1021 1611 1107 ait,
1644 1021 2023 1119 jussorum,
2060 1039 2252 1109 nate,
2289 1051 2628 1108 meorum,

844 1172 883 1203 »
920 1136 1101 1211 Pelle
1133 1168 1418 1226 moram,
1458 1137 1795 1239 solitoque
1826 1137 1999 1213 celer
2029 1138 2335 1213 delabere
2369 1168 2612 1228 cursu3

846 1297 884 1328 r»
922 1264 1224 1364 Quaeque
1261 1280 1440 1337 tuam
1474 1281 1748 1338 matrem
1782 1261 1979 1338 tellus
2010 1294 2048 1339 a
2083 1283 2269 1365 parte
2306 1265 2578 1339 sinistra

845 1420 882 1452 »
926 1386 1254 1487 Suspicit,
1290 1386 1616 1482 indigenae
1648 1387 1970 1461 Sidonida
1999 1387 2273 1460 nomine
2308 1387 2542 1462 dicunt
2564 1443 2586 1475 ,
2886 1407 2976 1477 84⁰

848 1544 885 1575 n
928 1511 1121 1583 Hanc
1151 1528 1339 1611 pete3
1380 1510 1692 1610 quodque
1729 1510 1961 1611 procul
1997 1529 2317 1585 montano
2352 1510 2647 1607 gramine
2681 1509 2872 1612 pasci

849 1667 885 1698 »
924 1633 1318 1706 Armentum
1348 1632 1566 1728 regale
1600 1632 1818 1718 vides»,
1857 1631 1940 1705 ad
1974 1632 2176 1708 litora
2212 1651 2411 1707 verte.
2455 1666 2489 1698 »

845 1754 1072 1843 Dixit;
1107 1774 1175 1828 et
1203 1753 1463 1857 expulsi
1494 1755 1883 1855 jamdudum
1917 1774 2145 1831 monte
2174 1756 2438 1856 juvenci

840 1974 1041 2041 busque
1055 1972 1375 2026 carminibus
1388 1971 1646 2027 Eumelus
1660 2013 1676 2038 ,
1697 1972 1866 2028 Stesi-

840 2051 1030 2103 chorus
1045 2052 1192 2104 etalii
1205 2052 1545 2106 celebrarant.
1565 2053 1642 2105 Ex
1657 2054 1746 2119 iis,
1774 2053 1866 2122 qui

836 2141 1058 2194 restant,
1073 2128 1178 2180 vid.
1193 2130 1383 2183 Anacr.
1396 2129 1503 2183 od.
1519 2148 1666 2183 xxxv
1684 2153 1698 2195 ς
1723 2132 1865 2185 Mos-

839 2207 996 2272 chus,
1026 2207 1102 2260 ld.
1126 2209 1211 2269 11;
1237 2209 1372 2261 Hor.
1399 2209 1517 2275 111,
1546 2208 1655 2262 od.
1671 2226 1827 2262 xxvu
1845 2250 1861 2276 ,

840 2286 1041 2348 25-28;
1079 2284 1303 2339 Achilles
1332 2286 1451 2340 Tat.
1476 2287 1590 2340 init.
1619 2286 1863 2356 Apollod.

842 2363 926 2417 111
943 2403 957 2428 ,
986 2380 1036 2427 1,
1074 2383 1094 2415 1
1118 2385 1130 2425 3
1156 2365 1353 2434 Hygin.
1374 2366 1474 2418 sab.
1495 2369 1616 2434 178;
1634 2365 1863 2435 Patoeph.

838 2460 949 2509 cap.
970 2442 1044 2503 163
1060 2440 1322 2495 Eratosth.
1338 2445 1416 2509 14;
1433 2444 1860 2512 Nosterinser,

853 2520 946 2584 ¹⁰4
968 2538 1080 2587 sqq.
1109 2529 1163 2571 et
1184 2518 1232 2565 V
1271 2519 1405 2573 Fast„
1429 2559 1445 2586 ‚
1466 2520 1579 2572 605.
1619 2521 1862 2587 Fulgent-

841 2595 1016 2667 Myth.
1060 2620 1075 2648 ι
1102 2636 1118 2661 ,
1151 2606 1329 2667 putat,
1371 2597 1641 2667 Europam
1667 2619 1695 2651 a
1726 2601 1864 2654 Jove

840 2684 1046 2743 raptam
1062 2694 1169 2727 esse
1185 2675 1239 2726 in
1256 2694 1388 2727 nave
1411 2715 1426 2741 ,
1453 2695 1570 2744 quae
1594 2678 1731 2730 tauri
1749 2679 1861 2747 pic-

838 2763 1015 2806 turam
1046 2751 1303 2805 hahuerit.
1329 2752 1657 2822 Palaephatus
1683 2766 1862 2809 autem

762 2830 769 2837 ’
840 2842 1048 2897 narrat,
1070 2830 1332 2885 Gnosium
1345 2830 1630 2900 quemdam
1648 2871 1663 2897 ,
1683 2833 1865 2885 nomi-

838 2931 907 2964 ne
934 2911 1207 2978 Taurum,
1246 2932 1274 2965 e
1305 2912 1453 2984 Tyro
1485 2914 1713 2982 rapuisse
1746 2923 1863 2966 tum

841 2990 963 3043 alias
985 2989 1180 3058 puellas
1196 3030 1210 3055 ,
1238 3000 1353 3044 tum
1379 2991 1639 3061 virginem
1663 2991 1863 3061 regiam

844 3068 1130 3136 Europam.
1169 3096 1237 3109 —
1268 3068 1489 3139 Agenor
1521 3080 1700 3123 autem
1739 3068 1865 3123 vixit

839 3145 1023 3198 sacula
1036 3145 1242 3198 circiter
1251 3146 1552 3214 quindecim
1565 3160 1687 3201 ante
1701 3167 1862 3201 oeram

846 3223 1220 3278 Christianam.
1233 3254 1301 3267 —-
1312 3228 1427 3278 Has
1435 3232 1537 3280 ubi.
1552 3231 1668 3280 Has
1685 3228 1864 3281 Hein-

841 3306 946 3360 sius
964 3306 1158 3358 mutari
1184 3306 1389 3359 volebat
1412 3307 1467 3358 in
1490 3327 1633 3375 quas.

907 3386 1020 3439 336.
1040 3388 1262 3439 Causam
1264 3385 1453 3452 fassus
1467 3390 1672 3437 amonlr.
1688 3387 1861 3440 Fran-

841 3464 950 3517 cius
972 3464 1199 3517 malebat
1213 3461 1610 3529 caaesamfassas
1629 3484 1862 3519 amorem.

842 3570 908 3582 —
922 3543 1093 3595 Causa
1103 3548 1290 3595 amoris
1302 3584 1315 3601 ‚
1336 3561 1515 3609 amor,
1533 3553 1590 3595 ut
1605 3544 1688 3598 lv
1702 3582 1718 3610 ,
1736 3549 1860 3616 5193

842 3640 1002 3673 causa
1030 3626 1214 3673 υεπεπί
1236 3621 1409 3691 ipsum
1448 3640 1735 3674 venenum.
1773 3621 1864 3676 Sic

842 3717 1020 3752 carere
1037 3718 1311 3767 possumus
1324 3702 1628 3768 coniectura
1641 3701 1863 3755 Francii.

909 3779 1023 3851 839.
1072 3783 1295 3849 Quaeque
1330 3788 1484 3834 luam.
1538 3781 1644 3834 Hic
1683 3800 1861 3835 versus

842 3855 990 3909 valde
1018 3858 1217 3909 vexavit
1242 3859 1594 3928 Interpretes,
1632 3879 1861 3928 quorum

841 3934 1086 3987 nonnulli
1109 3954 1171 3988 ex
1195 3935 1509 4005 astrologicis
1531 3936 1665 3988 adeo
1686 3938 1861 3991 ratio-

842 4015 997 4069 nibus
1020 4034 1145 4069 eum
1169 4016 1500 4087 interpretari
1525 4017 1699 4071 conati
1720 4029 1861 4072 sunt.

842 4118 908 4131 ·-—
930 4095 1102 4147 Mater
1122 4095 1377 4149 Mercurii
1398 4136 1412 4161 ,
1442 4094 1585 4148 Maia
1613 4135 1627 4161 ,
1669 4114 1774 4148 una
1799 4115 1863 4149 ex

847 4168 1143 4225 pleiadibus
1154 4211 1170 4239 ,
1186 4190 1302 4241 quae
1318 4173 1490 4226 locum
1503 4193 1660 4227 suum
1674 4184 1861 4226 tenent

843 4248 898 4301 in
918 4251 1085 4317 capite
1113 4252 1276 4305 Tauri
1294 4293 1309 4319 ,
1347 4255 1433 4323 qui
1462 4254 1656 4307 circulo
1685 4253 1862 4322 aequi-

842 4326 1051 4380 noctiali
1062 4327 1771 4402 dividitur,Phoenicibusque
1782 4340 1862 4385 est

1961 1974 2306 2029 meridionale
2321 1973 2482 2028 sidus.
2493 1974 2834 2027 —Quoaeeu
2851 1973 2970 2027 Nos-

1961 2057 2028 2110 tri
2057 2054 2281 2109 Codices
2299 2094 2315 2122 ,
2349 2057 2584 2111 Sidonia.
2611 2055 2766 2108 male.
2799 2057 2895 2109 Ed.
2915 2082 2972 2095 -

1962 2137 2208 2189 Sidonida
2223 2137 2287 2189 ab
2300 2136 2429 2190 urbe
2444 2137 2665 2206 capitali.
2690 2137 2777 2190 Ab
2795 2138 2970 2190 Anam

1964 2213 2073 2267 Od.
2099 2231 2243 2268 xxxv
2261 2253 2278 2280 ,
2315 2214 2347 2266 3
2366 2253 2383 2280 ,
2416 2214 2630 2283 Europa
2652 2224 2874 2267 voratur
2892 2225 2972 2268 Σι-

1964 2302 2089 2357 ὠνίη
2116 2304 2244 2362 γυνὴ.
2271 2321 2338 2334 -
2359 2294 2578 2347 Sinistra
2590 2314 2720 2361 pars
2740 2313 2888 2348 nune
2907 2303 2978 2348 est

1961 2371 2323 2424 meridionalis
2338 2411 2353 2437 ,
2387 2382 2441 2424 et
2482 2371 2827 2442 cogitandum
2867 2382 2975 2437 est,

1961 2453 2175 2517 Jovem,
2191 2470 2356 2520 quum
2364 2450 2475 2505 hec
2489 2452 2763 2505 Mercurio
2773 2451 2977 2504 manda-

1961 2538 2015 2580 ta
2038 2526 2217 2591 daret,
2245 2528 2444 2581 stetisse
2471 2528 2619 2581 vultu
2645 2526 2710 2579 ad
2735 2528 2981 2581 occiden-

1961 2616 2072 2658 tem
2085 2622 2253 2657 verso.
2271 2605 2360 2658 Sic
2373 2605 2555 2657 omnia
2579 2606 2708 2658 mihi
2731 2605 2891 2675 plana
2913 2604 2981 2655 vi-

1962 2680 2257 2735 debentur:
2299 2681 2536 2750 judicent
2567 2692 2749 2734 tamen
2790 2682 2891 2735 alii.
2919 2709 2981 2722 —

1961 2758 2196 2826 Speclaae
2224 2769 2403 2812 autem
2427 2770 2584 2813 terrae
2608 2760 2864 2813 dicuntur
2890 2778 2981 2813 re-

1961 2836 2175 2905 gionem
2199 2856 2317 2889 eam
2337 2878 2353 2904 ,
2394 2838 2450 2890 in
2480 2856 2642 2906 quam
2672 2847 2906 2907 vergunt
2931 2846 2982 2890 et

1960 2915 2334 2968 extenduntur.
2352 2915 2442 2969 Sic
2460 2916 2570 2968 Liv.
2593 2915 2840 2970 xxxin
2854 2956 2869 2982 ,
2903 2934 2980 2982 17:

1959 2994 2263 3046 Acamanta
2284 3000 2482 3061 spectat
2507 2995 2665 3045 solem
2687 2996 2982 3046 occidente·

1957 3072 2071 3122 lem.
2088 3071 2281 3124 Noster
2302 3082 2479 3124 autem
2498 3090 2596 3140 pro
2615 3078 2849 3138 spectare
2861 3070 2982 3124 dixit

1957 3157 2236 3216 snspt‘cere,
2266 3151 2386 3218 quia
2408 3150 2578 3203 sidera
2603 3151 2660 3202 in
2692 3152 2803 3204 alto
2825 3159 2974 3212 sunt;

1958 3244 2086 3278 nam
2106 3234 2356 3296 suspicere
2373 3238 2451 3280 est
2471 3246 2680 3281 sursum
2697 3268 2713 3294 ,
2738 3228 2794 3281 in
2820 3229 2980 3281 altum

1958 3315 2208 3373 spectare.
2220 3305 2426 3358 Contra
2437 3305 2628 3359 Senec.
2645 3306 2834 3376 OEdip.
2853 3326 2981 3360 vers.

1959 3383 2057 3452 476
2071 3399 2084 3431 z
2107 3387 2341 3451 Quasque
2352 3382 2590 3453 (gentes)
2605 3387 2874 3451 despectat
2882 3404 2981 3438 αν·

1958 3466 2057 3515 tim
2069 3481 2261 3514 summo
2276 3463 2430 3516 Sidus
2442 3466 2741 3517 Aetolian.
2760 3463 2984 3518 Sensus:

1958 3540 2110 3594 tellus
2126 3579 2141 3607 ,
2164 3558 2281 3610 quae
2295 3540 2600 3595 extenditur
2609 3561 2796 3596 versus
2812 3543 2984 3597 Pleia-

1958 3618 2049 3672 das
2065 3659 2081 3685 ,
2105 3638 2198 3671 seu
2223 3618 2518 3673 meridiem.
2533 3647 2602 3660 —
2633 3623 2799 3683 Verte,
2818 3620 2977 3689 abige.

1963 3697 2144 3768 virgit.
2182 3697 2397 3751 AEneid.
2432 3699 2458 3751 Ι
2477 3736 2496 3767 ,
2531 3700 2628 3753 528
2668 3718 2683 3752 ε
2726 3702 2807 3752 cd
2831 3702 2980 3751 lilom

1957 3787 2143 3832 vetlem
2172 3783 2391 3846 prodas.

2022 3859 2135 3924 843.
2144 3860 2456 3911 Jamdudun
2466 3897 2478 3919 ,
2498 3857 2760 3911 continuo
2771 3897 2788 3924 ,
2803 3868 2864 3913 ut
2874 3857 2976 3918 x1.

1958 3934 2070 4001 ⁴82.
2090 3961 2159 3973 —
2177 3930 2420 4002 Expuhi,
2448 3934 2631 3989 abacti.
2663 3933 2855 3991 Graeoe
2881 3936 2978 4003 ἔξι-

1956 4019 2149 4070 λαῦνιιν.
2168 4015 2258 4068 Sic
2281 4014 2590 4086 Virgil.‘Ed.
2614 4017 2641 4069 1
2658 4054 2674 4082 ,
2703 4037 2766 4069 aa
2785 4055 2802 4083 ,
2823 4017 2978 4084 depel-

1954 4096 2083 4156 lm,
2115 4093 2235 4147 cul.
2261 4098 2326 4161 44
2345 4135 2360 4161 ,
2391 4099 2681 4164 propellere.
2701 4124 2773 4136 —-
2799 4098 2984 4164 naga·

1953 4181 2107 4243 mgis,
2152 4176 2414 4245 Agenoris
2444 4194 2457 4228 ε
2489 4195 2708 4244 magnus
2743 4178 2970 4245 Agenor,

1956 4254 2157 4310 Seneca
2176 4294 2192 4322 ,
2221 4255 2403 4326 OEdip.
2424 4258 2547 4327 715;
2569 4256 2795 4311 Homer.
2821 4257 2880 4312 Il.
2905 4259 2967 4314 Ξ,

1957 4334 2051 4388 321
2072 4345 2186 4401 ;et‚
2206 4345 2344 4389 utex
2365 4334 2541 4390 Schol.
2563 4335 2632 4390 ad
2656 4336 2813 4403 ltu,
2837 4337 2930 4408 397
2950 4370 2964 4399 ,
