3217 5134
613 532 1669 605 METAMORPHOSEON
1726 533 1925 600 ΜΒ.
1979 532 2090 600 11.
2308 534 2424 618 143

295 714 331 748 ιι
370 676 775 753 Dissuadere
808 675 964 751 licet
999 705 1015 748 ε
1050 703 1192 750 non
1224 694 1327 750 est
1360 694 1476 752 tua
1499 692 1647 748 tuta
1675 672 2004 748 voluntas.
2308 762 2315 768 ·

298 830 332 861 »
372 797 624 890 Magna
656 793 864 894 petie,
899 791 1287 881 Phaethon,
1323 810 1390 866 et
1424 819 1574 892 quae
1604 818 1727 864 nec
1763 789 2020 864 viribus
2052 789 2203 865 istis

297 946 333 978 n
374 914 660 986 Munera
695 909 1125 997 conveniant,
1159 936 1280 983 nec
1313 923 1448 984 tam‘
1483 904 1860 1009 puerilibus
1896 906 2109 981 annis.
2372 929 2438 983 55

300 1063 335 1094 »ι
376 1028 541 1101 Sors
572 1043 687 1099 tua
715 1022 1062 1100 mortalis:
1093 1053 1235 1099 non
1269 1042 1374 1100 est
1394 1023 1673 1100 mortale
1707 1024 1894 1156 quod
1927 1041 2139 1125 optas.

301 1179 337 1210 »ι
375 1141 542 1218 Plus
573 1142 801 1229 etiam,
841 1170 1039 1243 quam
1078 1140 1259 1242 quod
1287 1140 1564 1242 Superis
1594 1139 1982 1236 contingere
2014 1141 2113 1215 sas
2143 1141 2275 1230 sit,

301 1294 337 1327 >2
379 1261 662 1335 Nescius
702 1258 1042 1334 adfectas:
1070 1256 1327 1359 placeat
1353 1257 1485 1331 sibi
1521 1257 1803 1359 quisque
1838 1256 2115 1345 licebit,

303 1410 338 1443 >v
373 1379 535 1459 Non
567 1395 788 1451 tamen
820 1374 1105 1472 ignifero
1141 1374 1494 1475 quisquam
1526 1373 1885 1452 consistere
1921 1374 1992 1452 in
2023 1403 2141 1452 axe

302 1527 338 1558 »
380 1496 502 1569 Me
535 1492 713 1568 valet
741 1509 1019 1593 excepto
1054 1523 1071 1566 :
1110 1492 1279 1565 vasti
1313 1520 1583 1594 quoque
1615 1510 1841 1586 rector
1876 1490 2184 1600 Olympi,
2375 1517 2445 1570 60

304 1644 339 1675 »
383 1611 526 1707 Qui
558 1609 696 1684 fera
731 1606 1015 1683 terribili
1043 1605 1370 1708 jaculatur
1398 1606 1679 1683 fulmina
1713 1607 1980 1696 dextra,

307 1759 342 1792 n
382 1728 545 1801 Non
579 1744 734 1823 agat
761 1726 891 1800 hos
924 1753 1158 1800 currus
1193 1755 1210 1798 z
1248 1741 1316 1798 et
1348 1723 1514 1826 quid
1536 1726 1705 1798 Jove
1738 1726 1951 1824 majus
1979 1725 2350 1803 habemus?

307 1876 342 1908 ι)
383 1842 617 1917 Ardua
654 1842 869 1944 prima
899 1841 1004 1918 via
1039 1858 1177 1929 est;
1212 1857 1278 1914 et
1314 1869 1447 1941 qua
1478 1838 1587 1913 vix
1622 1868 1811 1914 mane
1842 1858 2133 1938 recentes

307 1992 342 2024 n
384 1959 753 2034 Enitantur
784 1957 944 2061 equi
970 1987 987 2031 ε
1013 1955 1232 2031 medio
1264 1973 1367 2031 est
1395 1954 1709 2030 altissima
1745 1954 1942 2043 caelo3

307 2109 344 2140 n
388 2076 592 2149 Unde
620 2102 800 2149 mare
834 2091 901 2149 et
928 2092 1133 2149 terras
1165 2073 1299 2176 ipsi
1333 2071 1498 2147 mihi
1535 2101 1707 2174 saepe
1742 2071 1960 2146 videre
2194 2145 2201 2164 ‚
2378 2099 2448 2151 65

371 2282 587 2336 53-102.
608 2282 922 2336 Dissuadere
942 2283 1077 2334 lice!-
1101 2278 1330 2333 Dissua-

302 2360 447 2416 soria
483 2353 726 2430 egregias
753 2360 1088 2429 Argumenta
1123 2357 1332 2411 dissua-

305 2437 473 2494 dendi
507 2449 681 2492 sumta
716 2447 842 2492 sunt
876 2437 940 2491 ab
976 2436 1333 2491 imbecillitate

306 2515 577 2586 petentis,
621 2514 828 2582 54-62;
868 2533 899 2567 a
942 2513 1335 2568 difficultatibus

307 2596 409 2650 viae
427 2634 443 2662 ,
471 2594 641 2665 53-75
662 2614 676 2658 ;
703 2594 768 2647 ab
794 2591 993 2647 insidiis
1014 2594 1069 2647 in
1093 2593 1176 2646 via
1193 2632 1210 2660 ,
1234 2592 1335 2663 76-

310 2675 413 2738 83,
396 2697 409 2708 ·
441 2693 470 2726 a
488 2674 682 2726 ferocia
705 2690 968 2763 equorum
995 2672 1197 2744 84-87,
1223 2670 1338 2741 qui·

308 2751 443 2816 bus,
473 2761 537 2804 ut
574 2752 633 2805 in
670 2750 1050 2822 peroratione,
1089 2749 1334 2816 monita,

311 2851 531 2903 preces,
566 2848 705 2883 nova
737 2829 994 2900 promissa
1028 2828 1220 2882 addita.
1258 2827 1338 2884 Ea

311 2930 444 2964 vero
499 2909 683 2963 omnia
732 2907 1072 2978 probabiliter
1120 2917 1339 2961 tractata

309 2991 633 3053 sunt31ula,
660 2987 774 3041 sine
798 2986 1061 3057 periculo:
1074 2989 1193 3039 isla}
1215 3003 1340 3039 cum

315 3070 389 3136 vi,
404 3075 513 3121 tam
527 3070 827 3136 pnen’le'bus.
848 3064 1061 3127 —Sors,
1086 3061 1344 3132 quidquid

317 3145 471 3201 nobis
494 3156 685 3200 natura
710 3142 923 3210 tribuit,
951 3152 1009 3195 ut
1033 3160 1214 3208 sexus,
1238 3140 1292 3193 h.
1307 3140 1341 3198 Ι.

316 3236 536 3279 natura:
549 3225 776 3284 mortale,
787 3219 997 3274 mortali
1008 3219 1344 3274 conveniens.

388 3305 468 3356 55.
515 3303 841 3355 Conveniunt.
881 3296 1016 3351 cod.
1049 3297 1242 3352 Noster
1277 3296 1345 3352 R.

320 3382 383 3435 Β.
406 3383 723 3435 conveniunt.

389 3464 471 3530 57.
495 3461 629 3512 Plus
648 3460 802 3509 eliam
814 3464 911 3510 etc.
928 3451 1348 3508 Imbecillitatem

320 3556 475 3608 pueri
459 3535 626 3588 bene
632 3530 941 3626 amplificat,
955 3531 1348 3600 comparatione

321 3636 448 3671 cum
467 3613 646 3680 Diis,
631 3632 743 3684 ipso
761 3610 892 3665 adeo
916 3611 1072 3677 Jove,
1095 3609 1349 3666 instituta.

321 3722 391 3733 —-
415 3695 520 3745 Fas
542 3696 641 3752 se't,
672 3687 908 3760 possibile
933 3687 1000 3741 sit
1022 3705 1035 3739 :
1058 3684 1163 3738 vid.
1187 3685 1352 3738 Lam-

321 3772 435 3826 bin.
464 3769 530 3823 ad
558 3768 749 3821 Horat.
769 3766 824 3828 l,
858 3765 965 3822 Od.
991 3779 1145 3830 xxlv,
1171 3781 1272 3828 τος
1298 3772 1352 3815 et

329 3849 436 3915 IV,
462 3846 570 3901 od.
610 3863 666 3900 nr
686 3886 703 3914 ‚
744 3867 823 3898 22.
849 3846 996 3899 Hinc
1017 3842 1244 3898 formula
1262 3882 1280 3911 ,
1304 3847 1363 3896 si

329 3932 456 3981 lez-et
477 3934 528 3979 et
538 3926 625 3987 sas
643 3934 724 3979 est
737 3966 753 3994 ,
777 3944 875 3996 pro
902 3944 1003 3995 qua
1027 3924 1223 3979 Noster
1235 3922 1356 3976 He-

334 4004 511 4060 roidd.
533 4005 664 4059 xvl
688 4045 703 4072 ‚
732 4006 828 4060 235
846 4045 862 4074 ,
892 4024 993 4073 qua
1020 4008 1142 4058 lice!
1161 4011 1216 4056 et
1227 4022 1358 4071 pos-

333 4105 463 4139 sum.
481 4082 663 4137 Burm.
680 4111 748 4125 —-
761 4086 866 4137 Fas
889 4088 972 4136 sit.
1000 4081 1187 4135 Heius.
1212 4080 1360 4136 malit

329 4182 436 4231 par
448 4167 558 4226 est,
589 4171 679 4215 aut
698 4167 781 4214 sil.
808 4187 876 4206 ι-
899 4162 1120 4214 Placeat
1137 4162 1245 4211 sibi
1259 4169 1358 4212 etc.

342 4238 582 4308 Quisque
600 4248 913 4294 eaeterorum
932 4236 1175 4292 Deorum
1186 4255 1239 4289 se
1260 4255 1359 4289 ex—

341 4320 525 4375 cellere
547 4329 728 4391 putet,
759 4329 1020 4387 quantum
1043 4315 1180 4370 velit.

1495 2283 1574 2350 59.
1599 2277 1750 2340 Axe,
1788 2295 1951 2331 curru
1975 2315 1992 2344 ‚
2024 2277 2085 2331 iu
2109 2296 2216 2347 quo
2240 2286 2449 2335 consis-

1427 2362 1570 2411 tebat
1589 2356 1779 2426 Apollo
1800 2391 1816 2422 ,
1848 2367 1911 2410 ut
1935 2356 2215 2412 Phaethon
2236 2380 2312 2413 vs.
2341 2363 2451 2415 151.

1430 2437 1691 2492 Sicetiam
1703 2438 1761 2490 in
1774 2439 2008 2491 nummis
2022 2449 2452 2509 representatur:

1428 2516 1534 2570 vid.
1562 2516 1852 2588 Spanhern.
1891 2518 1958 2572 ad
1994 2517 2203 2574 callim.
2241 2521 2293 2574 h.
2329 2522 2452 2577 Del.

1431 2614 1504 2648 vs.
1523 2594 1633 2668 169.
1655 2592 1836 2649 Curru
1852 2600 2271 2651 tamenimidcns
2282 2599 2455 2668 perhi-

1433 2674 1592 2728 betur
1613 2674 1766 2742 alibi,
1803 2686 1865 2731 ut
1886 2676 2073 2731 Senee.
2111 2677 2261 2731 Med.
2286 2699 2365 2751 ²9·

1496 2752 1578 2806 51.
1608 2753 1843 2822 Quifem
1863 2758 2081 2807 terribili
2095 2766 2192 2808 etc.
2222 2755 2307 2807 De
2316 2753 2455 2822 feri-

1433 2834 1541 2881 tate
1553 2828 1860 2895 fulminum,
1876 2830 2234 2898 quibus.th
2252 2842 2453 2901 gentes,

1434 2911 1499 2966 es.
1537 2910 1655 2978 111,
1706 2911 1803 2963 303
1826 2929 1936 2979 sqq.
1978 2920 2035 2964 et
2074 2911 2220 2981 Virg.
2259 2910 2456 2983 Georg.

1435 3004 1491 3051 1,
1531 2988 1632 3044 328
1665 3006 1779 3057 sqq

1503 3066 1585 3122 6ο.
1608 3068 1726 3122 Non
1747 3073 1887 3133 agat.
1927 3066 2106 3121 Nostri
2133 3031 2305 3121 Codri.
2338 3045 2459 3124 mi.

1438 3150 1570 3211 agel.
1600 3144 1769 3213 A5em
1786 3163 2015 3209 currum,
2041 3164 2224 3213 equos,
2254 3167 2459 3210 navem,

1441 3223 1654 3293 phrase·
1685 3222 2001 3277 solemne·-
1987 3265 2001 3278 .
2032 3223 2151 3278 vide
2191 3226 2459 3280 Burman-

1442 3317 1592 3356 num.
1620 3330 1687 3343 -
1707 3303 1983 3357 Habemus.
2019 3302 2154 3357 cod.
2178 3305 2245 3357 R.
2268 3306 2334 3359 A.
2357 3309 2466 3358 ha·-

1443 3385 1596 3435 betur.
1624 3410 1692 3422 -
1713 3383 1789 3436 Et
1808 3385 1934 3451 quid
1950 3393 2050 3437 etc.
2075 3383 2155 3436 x1
2173 3422 2188 3450 ,
2229 3387 2324 3451 ²²4
2353 3404 2367 3438 ε
2392 3404 2470 3438 πε

1442 3461 1712 3527 quidquam
1746 3462 1962 3513 modus
1995 3462 2125 3512 Jote
2160 3460 2330 3527 majam
2359 3463 2468 3513 ba-

1445 3539 1593 3590 beret.
1611 3534 1911 3590 Consilium
1924 3536 2147 3591 dicentis
2158 3538 2468 3606 postulabat,

1448 3624 1507 3666 ut
1531 3612 1617 3670 bic
1637 3616 1885 3684 majestas
1898 3614 2047 3668 Jovis
2070 3614 2127 3668 in
2150 3615 2266 3669 luce
2296 3616 2472 3671 eono-

1448 3704 1673 3748 caretur.
1802 3741 1807 3746 .

1515 3772 1596 3826 63.
1620 3774 1797 3826 Prima
1826 3777 1927 3825 νία.
1966 3774 2148 3827 Prima
2183 3791 2299 3845 pars
2340 3777 2437 3830 vic
2459 3817 2471 3830 .

1442 3856 1660 3919 μήπω
1672 3853 1909 3905 muudum
1919 3851 1992 3905 sic
2007 3850 2135 3905 dixit
2143 3852 2330 3907 Senec.
2340 3854 2474 3908 (ΕΔ.

1460 3951 1480 3983 ι
1494 3930 1899 3992 ifle-Recedet,
1916 3939 2175 3982 nocturna
2189 3931 2366 3999 quiete
2387 3952 2477 3986 re-

1453 4008 1630 4066 creati.
1646 4006 1845 4060 Passim
1858 4011 2108 4074 integriet
2123 4016 2346 4062 recentes
2355 4029 2477 4063 eon·

1453 4083 1775 4152 junguntur,
1798 4092 1952 4150 atque
1970 4080 2267 4151 defatigahlr
2293 4096 2347 4139 et
2354 4086 2479 4154 ses-

1456 4165 1533 4214 se‘s
1552 4180 1671 4230 opp.
1703 4179 1717 4213 z
1739 4159 1843 4214 vid.
1870 4159 2079 4214 Ciosan.

1523 4239 1606 4305 64.
1650 4240 1941 4292 Em‘tanlur.
1988 4237 2125 4292 cod.
2178 4240 2375 4312 Regius
2414 4242 2478 4296 Β.

1460 4318 1786 4371 Emittantut.
1823 4316 1949 4372 Non
1986 4317 2122 4372 male
2147 4338 2373 4389 quoque.
