3217 5134
550 545 1648 618 METAMORPHOSEON
1694 549 1894 619 LIB.
1944 552 2088 623 lv.

2262 555 2393 623 303

247 691 339 762 Et
373 687 620 763 laniata
653 716 906 779 comas,
943 686 1376 791 amplexaque
1412 717 1660 791 corpus
1693 708 2017 781 amatum,

249 801 545 878 Vulnera
575 802 915 905 supplevit
947 802 1237 880 lacrimis
1259 861 1278 893 ,
1311 805 1673 909 fletumque
1711 808 1962 912 cruori·

2303 835 2395 901 140

251 917 536 993 Miscuit
558 975 577 1008 ,
614 935 682 993 et
715 918 953 1014 gelidis
988 920 1061 993 in
1091 919 1393 995 vultibus
1428 920 1657 996 oscula
1688 920 1900 1017 figens
1921 977 1941 1010 ,

259 1068 296 1101 «
335 1037 651 1138 Pyrame,
690 1035 1026 1126 clamavit,
1066 1038 1219 1140 quis
1260 1055 1325 1112 te
1358 1039 1524 1113 mihi
1559 1067 1751 1112 casus
1783 1038 2077 1113 ademit?

261 1185 299 1217 ³>
336 1153 645 1254 Pyrame‚
679 1154 1010 1256 responde
1043 1184 1060 1229 ε
1102 1173 1215 1229 tua
1249 1172 1313 1229 te
1333 1211 1353 1244 ,
1377 1155 1759 1260 carissime,
1797 1155 2055 1230 Thisbe

261 1302 299 1335 ³>
332 1270 686 1359 Nominat,
722 1272 998 1361 exaudi3
1035 1271 1392 1373 vultusque
1427 1269 1673 1345 adtolle
1699 1272 2013 1372 jacentes.
2055 1304 2093 1338 »

253 1384 367 1458 Ad
399 1412 645 1461 nomen
678 1387 968 1462 Thisbes
1004 1385 1238 1462 oculos
1257 1443 1275 1474 ,
1303 1388 1439 1487 jam
1472 1405 1690 1462 morte
1723 1405 2031 1484 gravatos
2053 1444 2075 1478 ,
2300 1412 2392 1481 145

254 1502 577 1602 Pyramus
612 1502 851 1591 erexit,
883 1503 1156 1604 visaque
1191 1503 1567 1578 recondidit
1600 1503 1737 1578 illa.

254 1617 426 1714 Quae
463 1635 821 1719 postquam
855 1636 1234 1720 vestemque
1268 1647 1456 1693 suam
1487 1619 1808 1715 cognovit
1830 1675 1849 1707 ,
1887 1637 1955 1694 et
1983 1649 2137 1697 ense

253 1733 648 1808 Viditebur
680 1763 1002 1823 vacuum3
1043 1768 1079 1800 «
1114 1737 1264 1811 Tua
1300 1753 1364 1810 te
1398 1764 1670 1824 manus,
1710 1736 1967 1838 inquit,
2008 1768 2329 1841 amorque

263 1884 298 1917 »
340 1851 680 1941 Perdidit,
713 1852 979 1927 infelix!
1009 1870 1113 1928 est
1142 1870 1211 1929 et
1238 1853 1405 1928 mihi
1436 1853 1635 1926 sortis
1668 1853 1740 1926 in
1772 1882 1981 1929 unum
2280 1928 2287 1937 ,

263 2000 299 2032 >v
343 1968 497 2040 Hoc
529 1995 801 2056 manus3
835 1985 937 2041 est
970 1984 1038 2041 et
1064 1995 1284 2054 amor,
1320 1966 1510 2041 dabit
1532 1968 1645 2040 hic
1671 1967 1744 2040 in
1774 1967 2047 2042 vulnera
2080 1971 2269 2046 vires.
2311 1992 2404 2046 150

261 2117 297 2148 ι»
335 2083 722 2184 Prosequar
752 2083 1191 2170 exstinctum3
1225 2079 1476 2183 letique
1509 2082 1876 2157 miserrima
1910 2082 2091 2157 dicar

261 2231 297 2265 n
342 2199 599 2285 Causa,
634 2225 990 2298 comesque
1024 2196 1168 2269 tui:
1200 2197 1449 2298 quique
1482 2226 1519 2270 a
1553 2225 1658 2271 me
1695 2215 1909 2273 morte
1942 2198 2168 2275 revelli

261 2350 296 2381 J)
339 2316 533 2389 Heu!
569 2312 714 2387 sola
745 2331 1013 2414 poteras
1035 2369 1055 2403 ,
1089 2313 1343 2414 poteris
1377 2342 1499 2388 nec
1530 2331 1747 2388 morte
1780 2313 2026 2388 revelli.

260 2466 298 2499 n
343 2433 501 2505 Hoc
535 2448 754 2506 tamen
791 2431 1141 2505 amborum
1167 2429 1389 2503 verbis
1425 2446 1639 2504 estote
1670 2429 1927 2525 rogati,

262 2582 298 2614 >³
344 2548 413 2622 Ο
455 2547 744 2623 multum
781 2546 1041 2637 miseri,
1076 2574 1267 2621 meus
1301 2544 1617 2648 illiusque
1638 2603 1658 2638 ,
1688 2565 2035 2648 parentes,
2310 2572 2407 2627 155

248 2768 523 2835 percellere
535 2774 640 2831 est,
666 2764 724 2817 in
740 2775 940 2818 terram
956 2762 1115 2830 dare,
1136 2782 1284 2817 ever-

258 2856 408 2909 tere;
429 2850 688 2911 pert-utere
722 2853 899 2897 autem
917 2882 933 2910 ,
967 2843 1246 2897 verberare
1266 2882 1283 2911 ,

259 2923 542 2991 plangere,
567 2919 687 2974 vide
705 2922 1080 2975 Bur-mannum
1096 2919 1198 2974 late
1215 2919 1283 2975 de

260 2998 565 3053 discrimine
587 2998 783 3052 horum
805 2999 1090 3053 verborum
1114 2997 1286 3067 dispu-

261 3090 486 3133 tantem.
522 3105 590 3119 —
605 3081 881 3142 Perculit,
920 3076 1059 3148 quod
1088 3077 1285 3148 Regius

261 3167 450 3211 tamen
489 3155 674 3210 Codex
710 3157 761 3210 A
797 3119 955 3210 habet
977 3197 993 3224 ,
1047 3157 1223 3209 forsan
1258 3175 1289 3209 a

260 3235 586 3306 negligentia
606 3275 622 3304 ,
673 3233 922 3287 lineolam
956 3234 1247 3288 emittentis
1269 3275 1286 3302 ,

263 3314 435 3368 fluxit.
459 3316 558 3367 Ed.
593 3341 662 3353 —
682 3315 956 3382 Indignus,
993 3324 1053 3367 ut
1087 3314 1145 3380 1,
1172 3316 1287 3388 509.

263 3419 331 3432 —
363 3393 549 3444 Clarus
567 3431 582 3455 ,
616 3401 674 3443 ut
710 3391 793 3457 11,
816 3391 930 3445 625.
966 3419 1032 3431 —
1071 3394 1291 3446 Vulnera

261 3472 518 3537 supplevi!
538 3471 664 3521 lacr.
691 3466 766 3520 nil
792 3486 901 3520 esse
920 3478 1119 3537 potest,
1151 3467 1251 3521 nisi
1271 3506 1288 3534 ,

265 3545 412 3616 quod
433 3546 966 3616 sequitur,fletumque
977 3556 1075 3599 etc.
1091 3573 1157 3586 -
1176 3548 1290 3598 Ca-

263 3630 468 3679 ris-sime
483 3644 579 3696 pro
594 3630 865 3678 carissima
883 3644 911 3677 e
927 3623 1223 3677 Balliolensi
1238 3633 1294 3675 et

265 3705 444 3774 Regio
465 3703 699 3759 secundo
721 3703 985 3774 amplexus
1007 3713 1086 3758 est
1105 3702 1293 3757 Hein-

265 3783 390 3836 sius.
412 3811 482 3823 -
499 3782 652 3853 Regii
671 3783 838 3836 nostri
859 3781 1056 3836 habent
1079 3785 1295 3834 carissi-

264 3878 356 3912 ma
373 3900 386 3921 ,
421 3860 614 3929 absque
638 3861 864 3930 virgulis.
890 3863 991 3913 Ed.
1012 3887 1079 3900 —
1113 3862 1296 3914 Vultus

252 3939 515 4006 jacentes,
541 3938 877 4009 languentes,
902 3938 986 3992 vel
1009 3938 1295 4007 quiescen-

265 4020 406 4073 tium
431 4060 446 4086 ,
485 4020 567 4073 vel
593 4059 608 4086 ,
647 4029 706 4072 ut
743 4018 796 4072 h.
835 4019 868 4072 l.
886 4058 901 4085 ,
947 4018 1298 4073 morientium

266 4101 431 4167 oculi,
449 4099 538 4170 qui
551 4111 605 4153 et
612 4118 791 4167 graves
806 4110 896 4152 aut
906 4098 1297 4167 gravah'dicun-

271 4190 378 4233 tur.
403 4178 530 4233 Non
555 4176 871 4247 adsequutus
898 4188 975 4230 est
993 4176 1105 4230 hac
1130 4174 1297 4229 Rod.:

273 4261 470 4312 Blikke
492 4279 589 4311 nur
601 4260 732 4311 noch
753 4260 947 4310 einmal
965 4259 1101 4310 mich
1128 4275 1214 4308 an.
1233 4250 1301 4294 4

273 4338 375 4390 Ad
382 4356 578 4401 nomeu,
595 4347 657 4389 ut
681 4335 784 4407 111,
802 4338 988 4401 245.·-
1003 4333 1109 4391 Hic
1120 4349 1301 4399 versus

1382 2770 1438 2820 et
1479 2780 1706 2832 sequens
1746 2763 2047 2833 transpositi
2090 2764 2307 2818 suerunt
2347 2766 2405 2820 in

1388 2838 1589 2894 Codice
1633 2839 1803 2911 Regio
1838 2840 1889 2893 A
1917 2881 1933 2908 ,
1979 2841 2122 2894 unde
2156 2846 2408 2912 Pyramus

1381 2924 1544 2972 erexit
1557 2929 1654 2972 etc.
1674 2918 1931 2987 praecedat
1942 2921 1998 2973 A
1999 2920 2043 2971 d
2050 2939 2226 2973 nomen
2250 2923 2408 2993 Thys-

1383 2999 1473 3049 bes
1491 3006 1589 3049 etc.
1621 2998 1722 3048 Ed.

1454 3075 1561 3142 148.
1577 3076 1823 3126 Eburneae
1838 3073 2038 3143 vagina
2063 3093 2257 3147 magno
2277 3077 2405 3133 olim

1385 3155 1442 3207 in
1486 3152 1710 3206 honore.
1759 3154 1983 3208 Homer.
2027 3154 2136 3208 Od.
2172 3166 2245 3224 Θ,
2293 3161 2410 3226 404,

1384 3231 1573 3301 virgil.
1601 3228 1816 3285 AEneid.
1843 3231 1949 3297 lx,
1977 3231 2091 3286 305.
2117 3261 2187 3275 -
2209 3237 2272 3289 ln
2292 3241 2411 3290 vul-

1383 3303 1534 3373 nera,
1570 3309 1764 3363 scilicet
1800 3308 2103 3381 infligenda.
2154 3310 2306 3382 Saepe
2336 3314 2411 3369 sic

1383 3392 1437 3441 e‘n
1464 3386 1531 3440 ad
1560 3386 1947 3457 designandum
1971 3389 2316 3459 propositum.

1458 3487 1476 3519 1
1487 3470 1566 3520 51.
1593 3469 1878 3536 Prosequor
1893 3486 1921 3519 e
1938 3465 2070 3519 sixti
2087 3466 2265 3521 codice
2282 3486 2412 3537 prae-

1386 3545 1483 3599 tuli
1502 3556 1569 3619 τῷ
1582 3565 1862 3614 persequar
1874 3585 1887 3606 ‚
1908 3538 2084 3614 'quum
2105 3544 2230 3599 illud
2250 3546 2410 3600 etiam

1386 3625 1572 3677 Burm.
1597 3623 1840 3694 placeret.
1868 3621 1982 3691 Qui
2014 3623 2160 3676 enim
2186 3623 2412 3678 alterum

1388 3703 1671 3758 comitatur
1689 3742 1705 3769 ,
1736 3702 1781 3756 is
1815 3720 1943 3755 eum
1967 3708 2212 3772 prosequi
2240 3705 2413 3772 potius

1389 3782 1582 3836 dicitur
1619 3799 1778 3850 quam
1808 3785 2055 3848 persequi.
2097 3778 2275 3834 Etiam
2315 3786 2414 3835 550

1389 3880 1513 3916 cum
1528 3859 1790 3913 multissic
1802 3852 2190 3929 corrigendum.
2210 3887 2277 3898 —
2295 3862 2416 3924 Qui·

1389 3943 1483 4011 q’ue‘
1504 3943 1686 3992 revelli.
1715 3940 1836 3993 Hoc
1862 3956 2086 3993 acumen
2117 3936 2365 3992 abhorret
2385 3956 2419 3992 a

1393 4031 1584 4074 natura
1607 4018 1946 4088 desperantis.

1466 4100 1573 4152 155.
1592 4098 1739 4151 Meus
1754 4101 2001 4167 illiusque.
2023 4095 2206 4150 Codex
2221 4096 2420 4168 Regius

1395 4176 1446 4229 A
1464 4213 1480 4241 ,
1510 4179 1772 4243 miserique
1791 4179 1894 4227 mei
1908 4178 2143 4243 illiusque
2159 4193 2176 4240 ,·
2202 4185 2415 4231 utrum-

1397 4274 1498 4325 que
1522 4253 1683 4323 recipi
1704 4263 1890 4324 potest.
1911 4255 2010 4307 Ed.
2023 4281 2090 4294 -
2111 4255 2276 4306 Serus.
2299 4255 2418 4307 Ha·-

1397 4332 1529 4387 bent
1555 4330 1780 4389 Codices
1796 4330 1949 4401 Regii
1969 4331 2136 4385 nostri
2151 4338 2330 4386 certus.
2352 4355 2417 4369 —-
