3217 5134
680 568 1771 641 METAMORPHOSEON
1830 574 2026 643 LIB.
2085 576 2146 644 1.

2398 581 2488 673 ⁸9

335 704 629 780 Tortilis
649 755 674 795 ‚·
706 706 778 779 in
810 703 1019 781 latum
1057 736 1202 809 quae
1236 709 1506 786 turbine
1541 711 1780 786 crescit
1805 712 1890 786 ab
1917 713 2053 788 imo
2084 744 2103 789 ε

333 823 674 910 Rumina,
709 851 854 924 quae
886 824 1108 897 medio
1141 826 1447 927 concepit
1478 844 1557 901 ut
1589 856 1739 902 aera
1771 847 1984 929 ponto
2004 887 2024 920 ‚

333 940 577 1015 litora
610 968 769 1014 voce
797 941 1051 1043 replet,
1090 942 1219 1016 sub
1246 960 1530 1044 utroque
1561 944 1844 1043 jacentia
1879 946 2161 1021 Phoebo.

339 1055 524 1129 'Tum
561 1085 867 1158 quoque,
906 1076 987 1132 ut
1018 1086 1135 1132 ora
1166 1060 1294 1132 Dei
1323 1060 1590 1134 madida
1624 1064 1919 1137 rorantia
1948 1064 2161 1139 barba

349 1172 696 1270 Contigit,
732 1192 801 1248 et
833 1175 1072 1249 cecinit
1093 1176 1316 1276 jussos
1345 1177 1570 1251 inflata
1597 1196 1932 1279 receptus,

2391 1199 2490 1269 340

345 1288 694 1363 Omnibus
721 1288 946 1364 audita
975 1309 1078 1364 est
1110 1289 1368 1365 telluris
1402 1310 1471 1366 et
1500 1294 1790 1394 aequoris
1821 1295 2022 1369 undis
2047 1323 2066 1383 ;

343 1406 438 1478 Et
475 1405 726 1506 quibus
758 1423 859 1479 est
892 1405 1092 1479 undis
1126 1406 1383 1497 audita,
1421 1410 1717 1483 coercuit
1749 1437 2000 1485 omnes,

340 1525 495 1598 Jam
526 1551 706 1598 mare
737 1521 899 1597 litus
930 1522 1173 1611 habet;
1203 1523 1441 1625 plenos
1475 1526 1653 1627 capit
1686 1524 1909 1600 alveus
1943 1554 2167 1602 amnes
2193 1555 2209 1615 3

339 1638 652 1715 Flumina
684 1639 1079 1726 subsidunt3
1109 1639 1312 1715 colles
1335 1641 1519 1715 exire
1553 1641 1868 1716 videntur
1900 1670 1917 1730 ;

344 1758 578 1853 Surgit
610 1756 887 1844 humus;
916 1775 1225 1832 crescunt
1250 1755 1400 1831 loca
1430 1755 1969 1832 decrescentibus
2001 1757 2247 1833 undis:

2386 1778 2488 1848 ³4⁵

342 1874 646 1975 Postque
682 1873 856 1948 diem
891 1870 1161 1969 longam
1194 1873 1444 1949 nudata
1477 1874 1819 1949 cacumina
1850 1873 2031 1948 silvae

343 1989 776 2079 Ostendunt‚
811 1989 1178 2092 limumque
1211 2008 1439 2065 tenent
1473 1993 1545 2064 in
1572 1991 1807 2065 fronde
1843 1989 2167 2064 relictum.

412 2162 532 2217 336.
574 2165 795 2217 Torle‘lfie.
820 2167 1032 2218 Relorla
1053 2164 1110 2216 in
1135 2164 1375 2219 latitudi-

345 2261 494 2295 nem.
506 2268 575 2283 -
594 2245 718 2309 Quo
728 2246 918 2296 turbine
932 2247 1125 2296 crescet
1143 2242 1283 2311 Quoe
1308 2242 1372 2296 ab

347 2340 441 2374 ore
456 2330 679 2391 angusto
691 2320 871 2391 incipit
886 2331 940 2374 et
957 2320 1012 2374 in
1027 2320 1261 2391 amplum
1276 2320 1375 2373 de-

347 2400 471 2454 sinit
496 2397 562 2451 ad
587 2399 809 2453 turbinis
831 2398 1246 2452 similitudinem.
1271 2401 1372 2451 Ed.

415 2478 530 2548 337.
553 2480 794 2543 Concepit
807 2485 868 2530 n!
882 2498 1004 2531 acra
1019 2520 1032 2541 ‚
1055 2477 1235 2532 inflata
1259 2488 1336 2531 est
1355 2518 1372 2546 ‚

347 2553 806 2625 quemadmodum
818 2557 931 2610 vela
944 2562 1237 2625 conct‘pe'un!
1246 2576 1372 2611 ven-

345 2644 457 2694 tos.
487 2652 677 2703 penna
699 2635 870 2687 avium
896 2654 1077 2700 auras3
1102 2643 1181 2696 ul.
1212 2655 1374 2705 quan·

346 2711 434 2764 do.
459 2710 798 2765 Generaliter
821 2712 1057 2782 loquitur
1077 2754 1091 2780 ‚
1119 2733 1244 2767 nam
1263 2733 1372 2784 seq.

353 2792 484 2843 Tum
504 2809 708 2859 quoque.
733 2790 854 2843 Hoc
872 2810 981 2844 non
1000 2791 1373 2845 animadvertit

343 2867 456 2938 ipse
473 2868 660 2921 Burm.
676 2889 690 2933 ς
716 2868 944 2938 alioquin
958 2889 1069 2923 non
1084 2890 1372 2925 commen-

348 2946 526 3000 dasset
547 2945 665 3000 lect.
685 2953 934 3014 palentia.

416 3025 531 3078 338.
564 3027 726 3088 Voce,
757 3027 948 3080 sonitu.
975 3029 1111 3088 Vox,
1139 3036 1199 3080 ut
1218 3036 1371 3102 fonti,

349 3104 526 3157 omnis
549 3123 712 3158 sonus
735 3124 748 3158 z
773 3105 891 3158 vide
917 3107 1102 3160 Burm.
1125 3105 1209 3159 De
1233 3106 1374 3160 buc-

348 3182 468 3236 cina
500 3183 665 3250 etiam
683 3183 830 3254 Virg.
853 3182 1067 3238 AEneid.
1084 3183 1194 3237 Vll
1214 3223 1230 3250 ‚
1258 3188 1371 3256 519.

345 3288 418 3302 -·
438 3262 541 3314 Sub
561 3268 767 3330 utroque
781 3272 877 3315 etc.
898 3302 912 3328 ,
938 3262 1089 3315 litora
1104 3262 1375 3316 orientalia

350 3349 408 3393 et
423 3338 782 3393 occidentalia.
797 3368 859 3379 —
876 3343 1131 3393 Jacenmr.
1157 3340 1267 3394 Pro
1276 3341 1377 3409 ja-

346 3425 520 3472 centia
545 3418 654 3471 duo
676 3457 691 3484 ,
728 3422 976 3486 lunatim·
1011 3418 1154 3472 unde
1188 3419 1374 3473 Burm.

349 3515 490 3550 com.
526 3501 764 3564 palentia
781 3539 794 3559 ,
837 3496 976 3566 quod
1003 3498 1138 3550 bene
1172 3497 1378 3552 dicatur

349 3573 419 3628 de
445 3575 602 3627 terris
624 3585 778 3628 antea
801 3594 935 3645 aqua
959 3576 1121 3629 tectis.

418 3651 536 3723 339
573 3653 794 3705 Made’da
819 3663 915 3706 etc.
939 3652 1201 3724 Graphice
1228 3649 1380 3707 addi-

349 3740 490 3798 tum,
505 3749 736 3801 quorum
748 3731 904 3784 barba
919 3732 1143 3784 rorabat.
1155 3731 1375 3784 Utrum·

354 3828 458 3879 que
480 3808 673 3864 dicitur
692 3849 707 3876 ,
738 3829 915 3862 canere
929 3814 1175 3877 receptui,
1214 3819 1267 3862 et
1286 3829 1378 3862 re-

356 3896 549 3955 ceptum
565 3929 578 3948 ,
603 3899 691 3942 aut
703 3894 943 3956 receptas.
963 3916 1030 3928 -
1046 3890 1298 3951 Coemm‘l,
1318 3887 1378 3940 in

356 3985 516 4020 suum
537 3966 713 4021 locum
741 3965 915 4020 redire
940 3967 1126 4037 coegit.

359 4057 364 4064 ·
424 4045 538 4112 343.
560 4048 682 4098 Jam
706 4065 843 4099 mare
857 4056 954 4099 etc.
980 4045 1086 4099 Hic
1106 4045 1250 4100 loeus
1268 4045 1378 4099 lau·

354 4120 482 4174 dem
507 4133 748 4176 meretur
771 4142 800 4176 a
830 4123 1086 4176 brevitate
1104 4161 1121 4188 ,
1160 4142 1277 4192 quo
1300 4123 1379 4177 rei

353 4200 682 4254 celeritatem
699 4200 837 4254 bene
856 4201 1118 4271 exprimit.
1135 4200 1202 4255 Ei
1219 4202 1381 4255 etiam

356 4277 752 4332 accommodata
770 4278 1023 4332 orationis
1039 4279 1209 4331 forma
1223 4318 1238 4347 ,
1264 4298 1381 4348 quae

355 4354 606 4410 brevibus
628 4354 879 4410 membris
891 4366 1108 4411 constat.
1120 4383 1184 4396 —
1194 4359 1383 4411 Plenas

1469 2171 1614 2234 capi!
1631 2176 1729 2219 etc.
1752 2165 1921 2234 Aqua
1942 2163 2013 2217 ita
2033 2162 2375 2216 decreverant
2391 2199 2408 2228 ,
2429 2172 2497 2216 ut

1471 2245 1603 2298 alvei
1634 2244 1741 2313 jam
1757 2248 1962 2312 plenos,
2003 2242 2233 2311 integros
2257 2279 2272 2308 ,
2303 2238 2490 2293 fluvios

1470 2322 1597 2392 ripis
1621 2323 1726 2377 suis
1757 2322 2030 2376 continere
2054 2329 2283 2390 possent.
2320 2317 2489 2387 Scep-

1469 2401 1581 2472 peri
1621 2401 1981 2470 conjecturam
2010 2438 2024 2464 ,
2063 2401 2251 2466 planos
2273 2436 2288 2460 ,
2346 2407 2489 2449 recte

1469 2479 1731 2552 improbat
1758 2478 1943 2530 Burm.
1957 2499 1971 2541 ς
1986 2475 2076 2531 sed
2095 2495 2195 2529 nec
2211 2474 2368 2545 ipsius
2391 2475 2489 2527 in·-

1472 2557 1778 2627 terpretatio
1798 2555 1851 2608 h.
1873 2555 1907 2607 l.
1931 2554 2177 2608 convenit
2197 2571 2210 2605 :
2236 2574 2262 2600 α
2280 2551 2489 2607 redacta

1469 2633 1610 2688 intra
1646 2635 1782 2703 ripas
1819 2631 2041 2686 flumina
2063 2671 2078 2698 ,
2120 2642 2299 2684 tamen
2338 2631 2494 2701 plena

1471 2717 1690 2768 suerunt
1706 2754 1721 2780 ‚
1743 2733 1851 2767 non
1876 2714 2184 2766 exsiccata.»
2209 2712 2493 2763 —Plenos.

1470 2791 1718 2865 Scepper.
1738 2791 1878 2859 conj.
1891 2793 2093 2859 planos.

1535 2869 1906 2938 344.H11mi1m,
1923 2866 2146 2920 omnino
2162 2881 2392 2935 aquae.—-
2402 2865 2496 2917 Vs·-

1469 2953 1671 3012 dcnlur‚
1686 2967 1888 3003 cernun
1896 2947 2270 3013 tun—Surgen-
2280 2943 2495 3014 elegan-

1471 3038 1553 3081 ter
1567 3026 1676 3080 drr.
1692 3045 1808 3096 quoe
1824 3066 1839 3092 ,
1866 3023 2253 3078 subsidentibus
2270 3022 2332 3075 iis
2350 3061 2364 3089 ,
2382 3020 2497 3091 qui-

1467 3105 1564 3159 bus
1579 3104 1750 3159 adhuc
1769 3114 1902 3158 tecta
1917 3103 2146 3168 fuerant,
2163 3099 2388 3170 conspici
2401 3099 2491 3151 in-

1468 3184 1686 3255 cipiunt.
1704 3181 1841 3235 Vide
1857 3200 1956 3236 nos
1970 3179 2036 3234 ad
2053 3180 2192 3233 Plin.
2208 3178 2311 3245 Vl,
2332 3175 2498 3247 Epist.-

1472 3279 1599 3328 κνι,
1633 3263 1707 3329 ι4.
1729 3289 1798 3303 -
1835 3262 2088 3314 Crescunt.
2122 3258 2272 3311 Bene
2295 3256 2497 3310 etiam:

1470 3340 1623 3411 plura
1645 3350 1701 3394 et
1732 3338 1984 3410 ampliora
2016 3338 2073 3391 in
2106 3344 2445 3405 conspectum
2475 3371 2491 3398 ‚

1470 3419 1755 3490 prodeunt.
1776 3419 1962 3486 Silius,
1990 3418 2096 3471 XV
2111 3456 2126 3484 ,
2154 3418 2249 3468 215
2268 3454 2284 3481 ‚
2311 3413 2376 3467 de
2396 3431 2460 3467 eo
2475 3451 2491 3477 ,

1473 3499 1564 3567 qui
1584 3499 1797 3569 propius
1820 3496 2017 3551 accedit
2041 3494 2106 3549 ad
2132 3495 2317 3547 urbem
2339 3532 2354 3558 ‚
2385 3494 2493 3543 ad-

1470 3582 1604 3628 moto
1617 3578 1908 3630 crescebant
1914 3577 2135 3627 culmina
2146 3588 2335 3640 gressu.
2349 3567 2498 3622 Con-

1474 3664 1556 3708 tra
1583 3652 1721 3723 apud
1754 3651 1940 3706 Claud.
1968 3665 2149 3705 xxxnl
2167 3690 2182 3716 ‚
2214 3651 2309 3723 189
2333 3668 2346 3700 ε
2384 3649 2495 3701 To—

1473 3741 1623 3801 taque.-
1635 3736 1882 3786 decrescit
1892 3729 2063 3799 refugo
2090 3731 2357 3783 Trinacria
2372 3731 2500 3780 wls-u.

1477 3811 1665 3866 Heius.
1690 3809 1916 3863 malebat
1943 3811 2180 3860 Hemina
2200 3808 2469 3859 subsidunt
2486 3845 2502 3871 ,

1474 3899 1659 3942 contra
1682 3898 1850 3959 poeta
1871 3885 2166 3940 consilium.

1543 3969 1657 4039 347.
1693 3970 1985 4035 limumque
2015 3972 2071 4020 1⁶ae
2091 3965 2299 4035 fronde.
2338 3961 2506 4017 Obli-

1475 4057 1634 4100 matae
1667 4056 1722 4099 et
1754 4044 2038 4098 luculente
2067 4041 2504 4112 relinquebantur

1476 4122 1690 4177 frondes
1730 4123 1979 4176 arborum
2001 4161 2017 4189 ‚
2056 4130 2272 4192 propter
2310 4137 2502 4189 aquam

1476 4221 1572 4274 per
1594 4201 1881 4255 alluviones
1910 4199 2204 4254 necessario
2233 4199 2503 4252 turbatam

1474 4279 1844 4350 soedatamque.
1862 4280 2243 4336 Ede-Mucia
2260 4279 2505 4332 mandem

1477 4358 1618 4412 nod.
1640 4377 1750 4413 non
1776 4358 1999 4413 debebat
2021 4357 2087 4412 de
2110 4357 2244 4412 soliis
2278 4374 2464 4426 capere
2482 4393 2500 4423 ‚
