3217 5134
658 536 1708 611 METAMORPHOSEON
1765 536 1960 609 LIB.
2019 537 2079 605 1.

295 716 334 752 a
378 684 560 759 Ossa
592 710 750 759 reor
779 681 911 757 dici
941 711 958 756 z
988 682 1203 781 jacere
1237 680 1364 756 hos
1399 697 1560 782 post
1594 697 1779 775 terga
1805 678 2146 780 jubemur.
2182 712 2218 747 ι)
2268 687 2291 698 ‘

291 798 628 900 Coniugis
662 798 945 893 augurio
982 824 1364 898 quanquam
1398 795 1666 869 'l'itania
1698 812 1882 868 mota
1915 812 2019 870 est
2041 852 2060 882 ‚

2346 819 2448 888 39⁵

289 917 467 1018 Spes
505 932 722 988 tamen
758 914 829 987 in
866 912 1077 988 dubio
1114 930 1256 1001 est;
1294 910 1457 988 adeo
1486 909 1861 987 caelestibus
1897 910 2095 986 ambo

293 1029 640 1106 Diffidunt
669 1028 985 1103 monitis!
1025 1027 1158 1103 Sed
1191 1027 1354 1130 quid
1393 1045 1647 1103 tentare
1680 1026 2008 1101 nocebit?

290 1145 707 1235 Discedunt,
741 1142 1095 1246 velantque
1130 1162 1371 1246 caput,
1411 1145 1804 1246 tunicasque
1844 1144 2238 1242 recingunt3

289 1265 389 1338 Et
415 1262 640 1362 jussos
676 1259 930 1368 lapides
962 1290 1082 1337 sua
1108 1279 1269 1363 post
1301 1260 1582 1357 vestigia
1605 1260 1906 1334 mittunt.

294 1381 508 1468 Saxa,
548 1380 750 1481 (quis
785 1378 918 1452 hoc
954 1377 1209 1467 credat,
1245 1378 1376 1452 nisi
1413 1377 1503 1452 sit
1531 1405 1661 1478 pro
1698 1393 1865 1450 teste
1898 1379 2280 1478 vetustas?)
2346 1401 2447 1469 4⁰0

291 1496 560 1569 Ponere
598 1494 911 1568 duritiem
948 1522 1204 1597 coepere
1241 1521 1573 1595 suumque
1606 1493 1893 1590 rigorem
1916 1548 1935 1579 ‚

293 1610 695 1713 Mollirique
737 1639 963 1701 mora,
1018 1608 1411 1712 mollitaque
1448 1609 1688 1684 ducere
1714 1609 2012 1685 sormam.
2088 1683 2097 1690 ,

294 1730 510 1817 Mox,
548 1727 671 1802 ubi
705 1743 1093 1815 creverunt,
1130 1742 1498 1827 naturaque
1529 1725 1765 1799 mitior
1796 1724 1930 1800 illis

265 1844 641 1941 -Contigit‚
676 1860 757 1918 ut
792 1841 1089 1944 quaedam
1111 1898 1131 1931 ‚
1171 1842 1266 1916 sic
1298 1870 1439 1916 non
1477 1841 1856 1930 manifesta,
1891 1841 2100 1915 videri

294 1963 544 2037 Forma
575 1978 804 2062 potest
835 1959 1168 2047 hominis;
1206 1958 1325 2033 sed
1352 1958 1455 2032 uti
1486 1956 1568 2031 de
1601 1985 1930 2032 marmore
1965 1976 2187 2059 coepto

2349 1983 2452 2051 ω

297 2079 457 2152 Non
496 2095 720 2152 exacta
756 2076 955 2163 satis,
990 2074 1409 2177 rudibusque
1447 2072 1781 2148 simillima
1816 2073 2045 2169 signis.

302 2193 480 2291 Quae
515 2208 734 2267 tamen
769 2220 852 2267 ex
886 2189 1021 2265 illis
1055 2189 1284 2291 aliquo
1318 2218 1475 2291 pars
1505 2186 1781 2263 humida
1810 2216 2007 2264 succo
2027 2244 2046 2276 ‚

300 2311 399 2383 Et
425 2326 688 2383 terrena
720 2307 884 2396 fuit,
916 2335 1104 2382 versa
1139 2325 1242 2381 est
1273 2308 1345 2381 in
1379 2306 1685 2408 corporis
1717 2335 1915 2380 usum
1947 2337 1962 2379 ε

303 2423 520 2523 Quod
545 2423 838 2501 solidum
876 2440 1017 2512 est,
1054 2422 1361 2525 flectique
1396 2422 1636 2525 nequit
1656 2478 1674 2512 ‚
1707 2440 2007 2524 mutatur
2038 2417 2112 2498 in
2148 2451 2297 2499 ossa
2326 2453 2341 2497 τ

300 2624 376 2678 let
402 2623 642 2693 analogia
666 2622 722 2676 in
757 2621 906 2676 venis
927 2631 1082 2677 terre
1105 2620 1172 2674 de
1196 2639 1332 2690 aqua

305 2713 364 2757 et
385 2702 628 2756 metallis.
654 2702 755 2754 Ed.

368 2781 487 2854 395.
508 2781 790 2847 Auffun'um
802 2819 817 2840 ,
835 2778 1204 2848 interpretatio
1217 2796 1333 2832 ora-

303 2860 428 2914 culi.
440 2858 532 2913 Sic
542 2869 599 2913 et
613 2857 749 2928 apud
767 2855 882 2911 Cic.
899 2856 963 2910 ad
982 2856 1101 2910 Div.
1117 2858 1200 2911 v1
1217 2897 1233 2925 ‚
1255 2872 1333 2910 vr.

303 2939 602 2996 -Hone'ltln
609 2935 829 2990 oraculis
846 2954 998 2989 :nam
1013 2954 1211 2989 monere
1219 2953 1336 3005 pro-

306 3018 419 3088 prie
445 3015 513 3070 de
535 3015 960 3070 divinationibus.
983 3013 1122 3068 Vide
1144 3015 1334 3070 Heius.

309 3096 374 3149 ad
400 3096 544 3150 xm
563 3135 580 3162 ,
606 3096 721 3149 216.
753 3122 820 3137 ·-
845 3096 1070 3148 Te‘lam‘a.
1096 3094 1334 3167 Pyrrha,

310 3173 484 3245 Iapeti
504 3174 711 3228 Titanis
733 3173 921 3243 neptis.
946 3174 1049 3225 Ed.

374 3254 493 3328 397.
534 3255 763 3308 Nomia
789 3251 961 3307 Codd.
995 3251 1129 3322 Reg.
1163 3253 1333 3319 8000,

311 3335 543 3385 nocebat.

375 3411 494 3483 398.
507 3409 808 3463 Diu-edunt.
828 3409 1015 3463 Heius.
1030 3429 1090 3462 ex
1100 3408 1335 3463 Florent.

313 3490 488 3558 primo
512 3487 678 3543 Palat.
705 3497 759 3541 et
785 3487 896 3541 aliis
929 3498 1157 3558 quatuor
1174 3528 1190 3554 ,
1222 3490 1339 3540 De-

314 3569 578 3622 scendunt.
609 3565 724 3636 Ego
750 3585 874 3619 vero
890 3567 1125 3619 revocavi
1149 3568 1339 3619 Dirce-

314 3647 472 3708 dnnt‚·
501 3644 703 3697 etenim
722 3642 788 3697 de
810 3642 1066 3697 industria
1085 3651 1238 3713 poeta
1255 3642 1340 3696 hic

315 3723 508 3794 repetit
545 3724 654 3794 ipsa
697 3723 974 3779 Themidis
1009 3725 1168 3778 verba
1204 3741 1337 3776 vers.

319 3802 411 3856 ³81
436 3820 551 3871 sqq.

388 3882 504 3945 400.
541 3881 797 3944 Vetusius,
823 3881 989 3952 gravis
1010 3880 1156 3935 testis
1172 3879 1341 3934 Vete-

322 3956 649 4013 ribuszrast.
675 3958 756 4015 lv
775 4000 789 4026 ,
819 3960 933 4012 203.
953 3958 1180 4027 Quintil.
1208 3958 1338 4012 Inst-

323 4027 433 4088 ΧΠ
454 4074 470 4102 ,
509 4051 596 4104 17,
623 4059 653 4091 α
681 4077 696 4105 ,
735 4048 920 4091 monet
940 4048 1214 4107 poetarum
1239 4037 1342 4107 fig-

320 4124 504 4167 menta
522 4119 909 4185 uetustatis-fide
923 4122 1036 4168 luta
1056 4134 1181 4168 esse.
1204 4114 1338 4168 lnde

319 4190 520 4261 pendet
531 4193 707 4247 omnis
719 4193 1056 4266 mythologia.
1077 4193 1245 4246 Locus
1261 4213 1342 4247 se·

319 4288 487 4338 quens
526 4271 849 4341 loquacitatis
884 4272 1011 4325 vitio
1043 4289 1221 4324 rursus
1254 4270 1341 4324 la-

316 4347 471 4403 borat
490 4369 505 4405 ε
526 4369 646 4405 saxa
663 4360 875 4421 ponunt
896 4349 1146 4406 duritiem
1165 4390 1181 4419 ‚
1207 4349 1339 4402 mol-

1429 2621 1635 2676 liuntur
1652 2662 1667 2688 ‚
1712 2619 1913 2675 mollita
1955 2620 2156 2678 ducunt
2190 2624 2416 2678 sormam
2434 2665 2452 2693 ,

1428 2712 1672 2755 crescunt
1689 2742 1705 2769 ,
1730 2701 1872 2756 fiunt
1895 2701 2105 2754 mitiora
2125 2741 2140 2767 ‚
2173 2700 2352 2756 denuo
2376 2725 2454 2757 ac-

1428 2781 1632 2852 cipiunt
1652 2781 1912 2847 sormam3
1937 2780 2028 2835 sed
2050 2782 2325 2835 obscuram
2343 2794 2454 2836 tan·

1431 2867 1545 2913 tum
1566 2900 1582 2926 ,
1623 2878 1724 2914 nec
1750 2861 1923 2914 adhuc
1946 2859 2277 2912 manifestam
2295 2900 2311 2928 ,
2352 2881 2455 2915 nec

1431 2948 1661 2992 exactam
1679 2978 1694 3005 ,
1720 2949 1817 2991 etc.
1849 2938 2079 2992 Remota
2110 2937 2194 2990 illa
2218 2938 2452 3008 loquaci-

1432 3023 1536 3067 tate
1544 3053 1559 3080 ,
1576 3015 1898 3084 comparatio
1908 3033 2032 3067 cum
2046 3034 2289 3068 marmore
2301 3025 2457 3085 caeplo

1433 3095 1710 3165 probabilis
1721 3097 2058 3163 est—Mora,
2077 3095 2421 3151 diuturnitate
2441 3114 2455 3148 ε

1433 3174 1537 3228 vid.
1548 3174 1880 3229 Freinshem.
1901 3173 2018 3229 Ind.
2038 3175 2178 3229 Flor.
2190 3174 2242 3229 h.
2257 3196 2305 3229 v.
2324 3177 2456 3230 Mox

1431 3271 1564 3305 vers.
1597 3254 1690 3319 4²¹
1723 3293 1738 3320 ,
1787 3252 1858 3307 sic
1897 3265 1975 3308 est
2009 3257 2248 3307 morando
2276 3257 2457 3327 ducere

1419 3331 1646 3399 sormam
1673 3341 1732 3384 ut
1753 3334 1929 3385 ducere
1949 3335 2160 3385 colorem
2184 3343 2237 3386 et
2261 3333 2372 3386 alia.

1499 3412 1567 3476 4ο
1575 3430 1594 3462 ι
1604 3449 1618 3462 .
1627 3411 1892 3462 Dur-illem.
1906 3408 2039 3465 Obr.
2053 3407 2188 3463 Cod.
2200 3413 2454 3464 durt'liam.

1500 3489 1616 3554 405.
1648 3489 1826 3554 Caepto.
1852 3486 1987 3541 Cod.
2014 3486 2230 3542 Obrect.
2259 3492 2453 3558 Cepia.

1435 3563 1569 3618 Item
1598 3564 1735 3618 Cod.
1762 3566 1893 3636 Reg.
1918 3567 2067 3618 8000.

1498 3643 1617 3710 406.
1658 3646 1775 3697 Non
1799 3651 1984 3696 exacta
2016 3650 2163 3697 solete.
2201 3643 2417 3708 Exculta
2435 3687 2457 3713 ,

1434 3724 1680 3794 perfecta.
1705 3726 1806 3777 Ed.
1839 3752 1907 3764 ——
1936 3728 2111 3778 Radia
2140 3729 2292 3793 signa
2321 3747 2455 3797 pos·-

1434 3811 1560 3855 sunt
1599 3822 1707 3856 esse
1740 3802 1981 3856 nondum
2023 3803 2286 3857 elaborata
2317 3806 2455 3860 satis.

1435 3879 1544 3935 Sed
1566 3920 1582 3948 ‚
1608 3900 1678 3934 ne
1703 3880 1843 3934 idem
1874 3891 1955 3935 ter
1979 3881 2115 3936 dicat
2133 3921 2147 3947 ‚
2172 3901 2283 3935 non
2317 3884 2454 3938 male

1436 3959 1580 4013 rudis
1606 3961 1927 4030 antiquitatis
1947 3961 2092 4031 signa
2118 3961 2388 4034 intelliges.

1503 4040 1619 4105 408.
1649 4042 1893 4105 Corporis.
1918 4040 2107 4107 Corpus
2131 4060 2276 4094 nunc
2298 4061 2420 4095 caro
2437 4082 2454 4111 ,

1436 4126 1497 4169 ut
1524 4114 1635 4183 IV,
1663 4117 1757 4183 443
1774 4158 1786 4174 .
1817 4122 1938 4169 etin
1960 4125 2178 4185 corporis
2197 4138 2368 4184 usum,
2399 4120 2457 4173 in
2508 4177 2511 4180 ,

1437 4212 1625 4264 corpus
1641 4213 1652 4245 :
1668 4194 1740 4248 sic
1762 4193 1901 4248 VIII
1920 4235 1934 4261 ‚
1971 4198 2068 4263 246
2086 4240 2099 4260 ‚
2133 4217 2279 4251 serrae
2301 4217 2459 4265 κενὴ·

1439 4272 1586 4341 virg.
1613 4270 1807 4343 Georg.
1845 4271 1899 4326 II
1920 4313 1936 4339 ,
1969 4274 2068 4340 466
2092 4295 2263 4351 „et-sus
2299 4281 2456 4350 olivi,-

1441 4350 1630 4404 ΗΘΜ.
1657 4350 1739 4404 III
1758 4390 1774 4418 ,
1804 4349 1909 4406 Od.
1925 4368 1945 4405 1
1966 4392 1981 4420 ,
2013 4355 2075 4420 42
2094 4395 2108 4421 ,
2129 4373 2460 4424 purpurarum
