3217 5134
597 2805 654 2858 ν’

788 549 881 618 66
1351 549 1432 614 Ρ.
1492 546 1853 615 OVIDII
1898 543 2356 613 NASONIS

788 689 999 767 Filius
1032 705 1184 764 ante
1219 688 1394 772 diem
1428 685 1683 789 patrios
1713 685 2001 787 inquirit
2024 686 2098 759 in
2132 713 2384 759 annos:

787 816 984 889 Victa
1012 813 1188 914 jacet
1218 811 1481 900 Pietas;
1517 828 1587 885 et
1618 810 1832 906 Virgo
1869 809 2040 884 caede
2075 809 2416 884 madentes
2436 865 2455 900 ‚

789 937 1045 1012 Ultima
1075 914 1408 1010 caelestum
1427 989 1446 1022 ‚
1484 949 1692 1007 terras
1721 935 1976 1009 Astraea
2003 931 2295 1035 reliquit.
2833 957 2923 1008 15«,

891 1063 1012 1136 111.
1049 1061 1230 1134 Neve
1264 1057 1442 1131 soret
1467 1056 1663 1132 terris
1696 1057 1992 1131 securior
2023 1056 2271 1131 arduus
2305 1055 2510 1130 aether
2531 1111 2550 1142 ‚

790 1266 855 1319 ab
872 1264 1064 1317 effectu
1077 1260 1291 1326 veneni,
1308 1259 1344 1312 J
1349 1257 1598 1326 uvenalis,
1618 1256 1683 1311 de
1700 1276 1813 1311 ma-

1981 1259 2088 1329 ¹49
2108 1258 2298 1309 Pietas.
2322 1255 2495 1309 Amor
2515 1256 2923 1327 consanguineo·

791 1353 947 1395 trona
984 1357 1102 1409 quae
1123 1339 1238 1390 viro
1263 1341 1443 1390 miscet
1467 1336 1677 1389 sitiente
1708 1354 1813 1387 ru-
1908 1353 2031 1387 rum
2060 1345 2311 1393 mutuusz
2356 1337 2501 1386 victa
2513 1334 2669 1400 jace!
2702 1336 2926 1405 graviter

793 1422 971 1476 betam
988 1459 1004 1486 ,
1026 1418 1154 1471 dixit
1170 1457 1186 1484 ,
1223 1418 1334 1472 Sat.
1361 1418 1385 1471 Ῑ
1405 1457 1421 1483 ,
1455 1436 1589 1470 vers.
1616 1438 1676 1487 '7²
1692 1456 1707 1483 ,
1731 1421 1817 1467 ι’π-

791 1503 962 1555 slituil
979 1504 1148 1567 m'gms
1162 1497 1343 1566 cffi're
1361 1503 1572 1552 maritos
1584 1538 1597 1557 ‚
1623 1496 1816 1551 scilicet

794 1595 1004 1634 veneno
1027 1574 1200 1629 lurido
1233 1575 1527 1628 exstinctos.
1553 1577 1653 1627 Ed.

867 1656 976 1721 148.
1001 1656 1218 1721 Inqm‘n‘t
1238 1657 1293 1705 in
1315 1669 1495 1704 annos.
1531 1650 1699 1704 Valde
1731 1650 1818 1704 hic

797 1735 1003 1789 variant
1024 1732 1190 1788 MSS.
1216 1731 1408 1797 Multi,
1433 1736 1710 1784 e‘ncum'tc‘n
1723 1750 1819 1783 an-

795 1833 891 1870 nos
925 1824 1014 1866 aut
1037 1817 1268 1865 occurrit.
1300 1811 1527 1879 Barneg.
1557 1815 1821 1863 concurrit.

799 1895 957 1949 Unus
970 1934 986 1960 ‚
1011 1895 1279 1946 desiderat.
1304 1887 1552 1943 Menardi
1571 1927 1587 1954 ,
1611 1893 1824 1941 lncani!

797 1978 1022 2029 bonoms.
1037 1972 1238 2026 Genev.
1254 1973 1448 2038 irrupit.
1472 1969 1660 2023 Heius.
1680 1968 1822 2037 conj.

788 2061 990 2125 pam'os
1001 2057 1134 2106 male
1150 2055 1334 2120 deberit
1350 2068 1528 2104 annos.
1554 2048 1821 2119 Apparet,

798 2134 855 2186 in
887 2130 1022 2186 cod.
1058 2128 1447 2199 antiquissimo,
1485 2125 1631 2179 unde
1668 2125 1823 2179 multi

801 2210 886 2264 alii
906 2207 1182 2277 descripti,
1203 2225 1383 2258 veram
1396 2203 1681 2258 lectionem
1702 2220 1823 2255 eva·

799 2290 989 2344 nuisse.
1020 2288 1156 2342 Eam
1187 2285 1379 2339 deinde
1402 2283 1645 2338 librarius
1668 2283 1823 2352 quis-

802 2389 905 2439 que
927 2387 1023 2423 suo
1048 2365 1211 2419 modo
1241 2363 1515 2435 supplevit.
1548 2391 1617 2404 -·
1638 2364 1825 2431 Inqui-

801 2452 873 2499 re‘t
894 2456 991 2499 etc.
1019 2444 1230 2513 Qum-it
1261 2462 1291 2495 a
1318 2439 1709 2495 Mathematicis
1726 2478 1742 2505 ,
1784 2459 1826 2492 s.

808 2523 1068 2579 Chaldaeis
1087 2563 1102 2585 ,
1127 2519 1397 2589 astrologis
1413 2559 1429 2586 ,
1464 2519 1554 2588 qui
1577 2537 1639 2571 ex
1664 2527 1827 2570 nata-

665 2637 710 2678 V
800 2601 936 2654 libus
963 2601 1139 2654 sutura
1167 2597 1518 2668 praedicebant
1552 2594 1824 2667 (Gellius,

806 2681 874 2735 N.
900 2681 966 2733 A.
987 2679 1012 2733 1
1031 2718 1047 2745 ,
1075 2677 1150 2751 9)
1170 2695 1373 2731 annum
1389 2717 1405 2743 ,
1427 2694 1534 2746 quo
1551 2684 1699 2744 pater
1712 2692 1829 2726 mo-

806 2760 1003 2812 riturus
1028 2757 1119 2810 sit:
1140 2763 1261 2808 aule
1278 2759 1409 2809 daebm
1426 2757 1656 2821 acquirit,
1680 2770 1830 2820 pre-

805 2839 936 2893 scire
952 2836 1109 2907 eupit.
1123 2833 1299 2900 Silius,
1323 2831 1426 2896 111,
1443 2831 1522 2898 13,
1541 2834 1832 2886 casusscioe

792 2915 1003 2984 saturos
1025 2915 1167 2967 Ante
1189 2915 1333 2964 diem.
1365 2908 1562 2962 Lensio
1579 2907 1693 2961 haec
1716 2908 1832 2962 im·-

811 2994 974 3064 pietas
992 3031 1008 3060 ,
1047 2991 1106 3043 in
1135 2988 1233 3042 hac
1263 2985 1481 3057 quidem
1518 2985 1793 3040 notatione
1814 3025 1831 3053 ,

695 3107 703 3113 ,
810 3090 922 3125 non
941 3069 1062 3123 satis
1079 3086 1271 3138 magna
1292 3064 1530 3129 videtin-3
1555 3064 1733 3134 itaque
1755 3062 1835 3116 his

812 3145 985 3200 verbis
1014 3144 1228 3212 subjicit
1263 3141 1317 3194 h.
1340 3159 1555 3195 sensum
1581 3160 1594 3194 :
1635 3142 1741 3211 ipse
1772 3139 1837 3196 fit

816 3236 1000 3279 auctor
1020 3223 1207 3289 mortis
1235 3232 1562 3291 premamus
1583 3221 1735 3291 patri.
1772 3218 1837 3273 ld

815 3320 944 3356 vero
966 3299 1126 3353 verba
1148 3298 1440 3369 significare
1466 3319 1578 3352 non
1605 3307 1835 3369 possunt.

818 3381 985 3436 Tacit.
1027 3381 1131 3433 An.
1157 3379 1241 3433 111
1261 3419 1276 3446 ,
1319 3399 1382 3431 aa
1410 3398 1422 3432 ε
1456 3383 1728 3445 Quaese‘lum
1746 3399 1843 3445 per
1868 3382 1877 3395 '

822 3460 1087 3513 Chaldaeos
1118 3462 1174 3510 e'u
1203 3458 1402 3510 domum
1439 3459 1655 3510 Caesares
1683 3496 1697 3518 ,
1750 3457 1840 3509 ubi

822 3540 1026 3609 Lipsius
1045 3549 1099 3592 et
1114 3538 1220 3592 suis
1242 3547 1295 3591 et
1319 3537 1519 3592 Tertul.
1544 3537 1711 3591 verbis
1727 3555 1843 3590 mo—

820 3630 916 3672 net
933 3659 948 3682 ‚
979 3636 1141 3687 quam
1163 3616 1379 3687 capitale
1405 3616 1459 3668 id
1480 3616 1563 3669 sit.
1605 3617 1843 3669 varietas

825 3709 1006 3752 tamen
1015 3697 1251 3751 lectionis
1261 3695 1535 3754 materiam
1550 3695 1844 3748 emendan-

825 3777 879 3831 di
905 3778 1104 3847 largam
1135 3775 1447 3846 suppeditat.
1489 3776 1648 3829 Forte
1684 3773 1845 3829 ovid.

822 3855 1024 3926 scripsit
1045 3874 1058 3907 2
1082 3860 1311 3921 eit-rumpit
1329 3859 1384 3905 in
1400 3873 1577 3910 annos.
1602 3853 1714 3907 Cic.
1733 3854 1844 3923 Lig.

827 3939 858 3990 5
875 3974 891 4002 ‚
920 3940 1186 4002 &rumpere
1205 3935 1444 4001 infletum
1462 3973 1475 3992 ‚
1514 3952 1639 3986 eum
1667 3932 1846 3985 inter-

828 4014 1022 4084 pellere
1039 4051 1055 4080 ‚
1077 4013 1409 4080 abrumpere.
1426 4013 1592 4066 Tacit.
1610 4012 1714 4065 An.
1737 4011 1815 4064 lv
1828 4051 1844 4080 ,

827 4093 891 4160 67
911 4132 924 4154 ‚
951 4097 1216 4160 &rumpere
1233 4096 1446 4159 quietem
1462 4091 1651 4146 eodem
1674 4110 1847 4145 sensu.

831 4172 978 4225 Tum
998 4179 1117 4225 nale
1138 4176 1299 4233 disan.
1325 4171 1518 4226 scilicet
1545 4174 1651 4225 sato
1676 4171 1849 4224 desti-

831 4264 1018 4306 natum
1036 4292 1052 4318 ‚
1089 4263 1148 4306 ut
1186 4254 1304 4306 Art.
1344 4252 1521 4306 Amat.
1555 4252 1677 4318 111,
1719 4253 1847 4325 7393

833 4328 981 4401 Virg.
1007 4329 1221 4383 AEneid.
1248 4330 1328 4384 lV
1347 4367 1362 4395 ,
1392 4327 1507 4400 696.

1866 1455 1871 1465 .
1911 1414 2110 1469 dietum
2125 1455 2139 1482 ,
2161 1414 2369 1485 expulsa
2386 1426 2477 1468 est.
2502 1414 2818 1485 Metaphora
2840 1437 2926 1486 pe-

1913 1492 2008 1545 tita
2044 1493 2109 1545 ab
2151 1491 2385 1546 hostibus
2435 1502 2525 1545 aut
2561 1492 2926 1564 gladiatoribus

1915 1572 2075 1625 victis.

1985 1654 2094 1703 150.
2131 1653 2285 1718 Virgo
2306 1651 2527 1704 Astra-a.
2551 1652 2589 1705 J
2592 1652 2762 1706 ustitia
2776 1691 2792 1718 ,
2815 1670 2927 1719 quae

1916 1730 2076 1783 etiam
2098 1730 2401 1801 simpliciter
2432 1735 2610 1801 Virgo,
2654 1744 2710 1786 et
2740 1753 2769 1785 a
2797 1731 2927 1786 Cae—

1915 1828 2030 1862 sare
2053 1809 2237 1863 Germ.
2242 1811 2541 1877 leuissima
2562 1816 2702 1879 virgo
2723 1811 2926 1865 dieitur.

1918 1887 2122 1941 Relicta
2140 1898 2280 1940 terra
2298 1927 2313 1954 ‚
2336 1887 2484 1943 Jovis
2504 1889 2560 1942 in
2578 1889 2702 1942 caelo
2724 1888 2929 1943 resedit.
3004 1887 3005 1890 ’

1918 1993 1985 2005 -
1999 1966 2193 2018 Ultima
2202 1970 2451 2019 caelestcm
2462 2007 2473 2026 ‚
2492 1976 2604 2020 erat
2619 1967 2764 2020 enim
2773 1967 2929 2020 etiem

1917 2043 2020 2097 hoc
2060 2044 2117 2096 in
2156 2046 2301 2097 aurei
2332 2045 2492 2098 seculi
2523 2046 2675 2098 honis
2692 2086 2709 2114 ,
2747 2056 2809 2099 ut
2842 2044 2932 2098 Dii

1919 2135 2203 2194 presentes
2233 2124 2476 2180 homines
2512 2126 2758 2179 viserent.
2796 2125 2932 2180 Fast.

1923 2202 1949 2255 l
1967 2242 1983 2269 ,
2012 2205 2123 2274 247.

1991 2279 2237 2335 usn-162.
2262 2281 2549 2349 Nevefhrel
2567 2291 2664 2335 etc.
2687 2283 2938 2351 Gaegranto—

1921 2364 2126 2415 machia
2139 2400 2153 2423 ,
2181 2378 2340 2428 quam
2357 2361 2553 2415 Noster
2571 2362 2745 2431 paucis
2771 2373 2939 2416 trans·-

1920 2438 2086 2492 mittit
2108 2478 2123 2506 ,
2177 2437 2444 2491 Hesiodus
2488 2437 2642 2508 plane
2694 2439 2935 2509 neglexit.

1926 2518 2067 2586 Quoe
2083 2518 2305 2571 Homer.
2326 2514 2434 2571 Od.
2454 2524 2493 2570 λ.
2516 2517 2748 2589 304-193
2773 2519 2939 2588 Apol-

1922 2595 2031 2649 lon.
2049 2596 2095 2663 I,
2118 2598 2241 2662 484;
2264 2593 2410 2664 Vix-g.
2427 2593 2621 2665 Georg.
2641 2596 2684 2662 I,
2706 2597 2935 2661 280—83;

1929 2673 2046 2728 Col.
2066 2673 2192 2727 AEn.
2213 2673 2310 2740 Vl,
2333 2675 2460 2738 580;
2483 2673 2722 2743 Apollod.
2742 2674 2799 2740 1,
2826 2690 2936 2743 vn,

1926 2757 1959 2821 4
1977 2793 1992 2820 ,
2013 2753 2186 2807 Otum
2201 2764 2254 2806 et
2276 2751 2575 2822 Ephialtem
2593 2792 2608 2819 ‚
2637 2752 2758 2806 Aloi
2778 2753 2939 2823 filios,
2986 2723 3085 2812 N:

1927 2842 2122 2886 statura
2130 2830 2663 2902 corporisprodigiosa
2678 2873 2692 2900 ,
2709 2852 2909 2903 parasse
2924 2875 2940 2900 ‚

1929 2922 1986 2964 et
2003 2951 2019 2977 ‚
2047 2910 2146 2964 nisi
2169 2911 2234 2964 ab
2259 2910 2501 2981 Apolline
2526 2913 2722 2982 sagittis
2752 2913 2944 2968 confixi

1931 2998 2105 3043 essent
2123 3027 2139 3055 ‚
2164 2989 2489 3058 perfecturos
2510 2989 2664 3042 suisse
2684 2992 2943 3055 scribunt,

1931 3087 1992 3121 ea
2016 3068 2208 3122 Noster
2231 3066 2342 3132 hic,
2365 3078 2521 3137 atque
2545 3069 2681 3121 Fast.
2702 3070 2768 3129 V,
2796 3070 2861 3123 35
2880 3110 2895 3136 ‚
2915 3091 2945 3122 a

1935 3147 2240 3212 Gigantibus
2254 3144 2389 3198 facta
2402 3165 2512 3199 esse
2526 3157 2721 3200 narrat.
2740 3147 2944 3199 Verum

1936 3228 2192 3292 Gigantas
2202 3264 2215 3287 ,
2232 3234 2441 3292 Γηγενιῒς
2451 3265 2466 3292 ,
2480 3227 2771 3295 Terrigenas
2780 3269 2793 3289 ‚
2818 3246 2947 3299 quos

1935 3301 2135 3368 Terra,
2171 3301 2451 3372 indignans
2473 3303 2596 3357 Jovi
2630 3305 2699 3357 ob
2731 3305 2947 3359 Titanas

1933 3381 1991 3435 in
2014 3380 2299 3435 Tartarum
2320 3383 2612 3450 conjectos,
2639 3404 2701 3437 ex
2724 3384 2950 3438 Tartaro

1937 3460 2167 3528 peperit,
2202 3469 2256 3512 et
2278 3478 2507 3528 quorum
2529 3462 2750 3515 nomina
2774 3462 2949 3516 Schol.

1938 3537 2157 3591 Hesiod.
2173 3539 2237 3592 ad
2257 3539 2359 3594 Th.
2380 3540 2489 3606 185,
2510 3541 2706 3613 Hygin.
2722 3554 2951 3612 prmert.

1938 3641 1989 3690 p.
2014 3620 2044 3672 3
2062 3658 2078 3687 ‚
2103 3619 2299 3674 habent
2316 3660 2330 3688 ‚
2365 3621 2536 3690 potius
2556 3623 2613 3674 in
2638 3623 2953 3677 Macedonia

1937 3715 2056 3749 saxa
2079 3707 2235 3766 atque
2258 3716 2496 3750 accensas
2523 3699 2735 3752 arbores
2760 3701 2813 3752 in
2842 3720 2955 3754 ‹¹ae-

1940 3775 2051 3830 lurn
2078 3777 2326 3845 jaculatos
2346 3793 2455 3830 esse
2488 3788 2642 3848 atque
2667 3798 2696 3831 a
2722 3777 2956 3834 Caelico-

1940 3854 2001 3907 lis
2021 3894 2036 3921 ‚
2071 3855 2301 3910 Hercule
2326 3854 2383 3907 in
2408 3855 2708 3909 societatem
2729 3856 2925 3911 adscito
2941 3899 2959 3925 ,

1942 3933 2244 3988 interfectos
2261 3974 2275 4001 ,
2303 3934 2386 3987 alii
2411 3934 2652 3994 tradunt.
2692 3948 2752 3990 ut
2777 3937 2959 4008 Eurip.

1945 4012 2060 4068 lon.
2088 4013 2322 4076 noti-183
2352 4012 2590 4083 Apollod.
2618 4014 2644 4067 1
2663 4054 2678 4081 ‚
2700 4015 2747 4078 ,6.
2774 4015 2961 4084 Itaque

1947 4089 2106 4145 ovid.
2135 4089 2266 4144 duos
2290 4089 2520 4144 diveisos
2539 4091 2751 4164 mythos
2771 4093 2965 4145 consu-

1946 4175 2042 4239 dit;
2059 4175 2114 4229 in
2133 4192 2240 4245 quo
2252 4174 2387 4227 sorte
2402 4184 2639 4228 auctores
2655 4174 2856 4240 hahuit,
2872 4185 2968 4228 aut

1948 4251 2311 4324 Pherecydem
2333 4262 2387 4305 et
2413 4252 2713 4306 Acusilaum
2729 4293 2744 4319 ‚
2767 4253 2860 4321 qui
2878 4251 2965 4305 illa

1948 4329 2229 4398 attigerant
2245 4366 2261 4395 ,
2295 4340 2387 4383 aut
2403 4330 2595 4399 priseos
2617 4339 2796 4400 poetas
2816 4369 2833 4400 ,
2877 4328 2973 4400 qui
