3217 5134
827 548 957 641 378

1368 553 1449 619 P.
1515 555 1894 626 OVIDII
1950 558 2421 633 NASONIS

819 688 901 761 In
937 704 1193 789 partem
1225 709 1505 769 ventura
1533 695 1724 771 chori
1759 699 1820 772 T
1819 699 2066 774 ritonia
2101 705 2358 794 nostri,

2854 753 2938 808 270

821 804 994 877 Vera
1030 804 1269 893 refers;
1304 810 1678 913 meritoque
1707 815 1962 917 probas
1985 834 2306 929 ‘artesque
2328 877 2347 909 ,
2385 820 2782 929 locumque3

820 921 913 992 Et
946 940 1212 1015 gratam·
1232 944 1519 1017 sortem,
1562 947 1722 1007 tutae
1755 933 1961 1008 modo
1997 934 2240 1026 simus,
2273 937 2622 1015 habemus».

824 1035 957 1110 Sed
981 1094 999 1126 ,
1039 1040 1314 1116 vetitum
1351 1062 1455 1118 est
1480 1046 1647 1121 adeo
1682 1047 1915 1124 sceleri
1950 1051 2158 1125 nihil!
2199 1056 2423 1129 omnia
2455 1074 2710 1135 tenent

823 1151 1175 1248 virgineas
1208 1177 1498 1249 mentes,
1538 1162 1860 1266 dirusque
1891 1184 2042 1241 ante
2075 1196 2198 1244 ora
2237 1171 2575 1273 Pyreneus

824 1269 1165 1359 Vertitur;
1204 1292 1272 1348 et
1307 1278 1607 1354 nondum
1641 1309 1748 1356 me
1786 1299 1930 1357 tota
1960 1303 2183 1361 mente
2215 1291 2458 1390 recepi.

823 1386 1064 1462 Daulia
1095 1391 1436 1483 Threicio,
1476 1392 1872 1501 Phoceaque
1907 1399 2120 1476 milite
2152 1432 2307 1479 rura

828 1503 1111 1603 Ceperat
1144 1506 1255 1583 ille
1290 1509 1476 1586 ferox
1498 1569 1517 1601 ,
1554 1514 1936 1619 injustaque
1974 1546 2177 1613 regna
2215 1520 2504 1597 tenebat.

826 1619 1104 1722 Templa
1133 1626 1525 1725 petebamus
1561 1632 1875 1710 Parnasia
1910 1664 1928 1707 ε
1959 1635 2131 1709 vidit
2161 1656 2431 1727 euntes3

826 1736 1203 1839 Nostraque
1238 1741 1453 1819 fallaci
1483 1766 1832 1824 veneratus
1860 1754 2135 1829 numina
2161 1753 2393 1830 cultu:

834 1834 881 1917 {c-
909 1853 1413 1950 Mnemonides,
1452 1885 1776 1960 cognorat
1808 1868 1982 1942 enim
2005 1926 2025 1958 ‚
2064 1871 2447 1962 consistite,
2487 1872 2706 1964 dixin
2854 1895 2931 1948 πει»

832 2000 868 2032 »
909 1969 1046 2043 Nec
1079 1972 1419 2068 dubitate,
1455 2008 1725 2081 precor,
1767 2002 1941 2059 tecto
1977 2015 2170 2082 grave
2204 1988 2391 2064 sidus
2424 2007 2493 2065 et
2526 1989 2837 2077 imbrem,

830 2118 865 2149 »
907 2088 1131 2165 Imber
1164 2112 1304 2169 erat
1324 2152 1343 2184 ,
1377 2096 1582 2173 vitare
1615 2128 1766 2174 meo
1796 2131 1811 2173 ε
1840 2102 2103 2178 subiere
2137 2105 2433 2181 minores

830 2234 869 2267 »
907 2203 1095 2306 Saepe
1129 2235 1310 2283 casas
1343 2211 1601 2313 Superi.
1647 2249 1683 2281 »
1710 2215 1927 2292 Dictis
1959 2237 2028 2292 et
2060 2236 2361 2324 tempore
2391 2240 2592 2298 motae

822 2324 1334 2433 Adnuimusque
1361 2334 1504 2410 viro
1525 2391 1545 2425 ,
1582 2337 1964 2440 primasque
1997 2342 2390 2421 intravimus
2423 2344 2615 2421 aedes.

825 2449 1176 2528 Desierant
1213 2458 1491 2547 imbres;
1528 2462 1838 2565 victoque
1868 2467 2328 2569 Aquilonibus
2363 2472 2617 2546 Austro
2854 2487 2931 2541 285

825 2573 1038 2648 Fusca
1067 2598 1426 2678 repurgato
1452 2581 1797 2680 fugiebant
1830 2590 2064 2666 nubila
2097 2591 2281 2667 caelo.

826 2696 1122 2796 Impetus
1158 2700 1252 2775 ire
1287 2701 1416 2777 suit
1443 2735 1460 2779 ε
1491 2703 1748 2789 εὶαηᾶἰι
1770 2738 1890 2786 sua
1926 2731 2098 2790 tecta
2131 2716 2506 2818 Pyreneus;

824 2819 1113 2923 Vimque
1145 2845 1371 2926 parat,
1412 2857 1611 2931 quam
1642 2861 1769 2907 nos
1804 2834 2044 2913 sumtis
2076 2838 2438 2936 effligimus
2471 2839 2613 2915 alis.

821 2943 975 3044 Ipse
1010 2967 1382 3049 sequuturo
1417 2953 1656 3032 similis
1690 2958 1877 3034 stetit
1910 2959 2159 3037 arduus
2193 2991 2340 3038 arce
2369 2993 2386 3036 :

824 3178 1127 3231 quanquam
1150 3166 1322 3221 Musa
1340 3179 1392 3223 et
1414 3172 1594 3227 choros
1611 3172 1852 3230 institue-

820 3238 966 3294 bant.
983 3241 1199 3295 Hesiod.
1217 3245 1418 3318 Theog.
1437 3270 1479 3319 7.
1505 3250 1752 3306 Suaviter
1765 3253 1851 3307 ad·

822 3315 1025 3385 ditum,
1050 3324 1340 3390 ve’qtheau
1366 3326 1755 3397 virginefenirn
1770 3332 1852 3385 sa-

823 3395 920 3451 cile
959 3408 1244 3453 terrentur.
1291 3402 1364 3456 Et
1387 3404 1624 3476 virgineo
1660 3409 1852 3462 terrori

822 3479 1150 3535 conveniunt
1166 3491 1221 3535 et
1234 3485 1508 3552 sequentia
1527 3526 1541 3551 ,
1568 3490 1849 3557 dirusque...

820 3564 1041 3615 vertitur.
1066 3590 1134 3603 —
1157 3565 1412 3635 &teneus
1433 3586 1462 3620 e
1494 3567 1721 3622 Thracia
1745 3588 1849 3624 co-

821 3638 1021 3692 loniam
1045 3638 1261 3696 deduxit
1292 3643 1346 3697 in
1370 3644 1633 3700 Boeotiam
1651 3689 1665 3715 ,
1688 3658 1847 3718 atque

824 3719 907 3772 vel
922 3720 1149 3776 ruditate
1166 3742 1258 3777 sua
1272 3724 1353 3778 vel
1369 3726 1507 3779 beno
1527 3727 1708 3782 Musas
1723 3728 1848 3785 inde

822 3797 1023 3867 fugasse
1049 3798 1150 3853 dici
1171 3803 1354 3869 potuit.
1373 3805 1513 3857 —Se
1532 3810 1749 3872 tempere
1760 3817 1850 3860 aut

821 3877 1059 3943 colleyere
1093 3875 1343 3932 dicuntur
1371 3918 1387 3946 ,
1427 3880 1517 3949 qui
1555 3900 1618 3934 ex
1655 3900 1850 3951 magna

823 3954 985 4007 animi
1014 3955 1412 4025 perturbatione
1450 3957 1514 4012 ad
1543 3960 1847 4031 tranquilli—

829 4041 990 4086 tatem
1012 4034 1255 4089 redeunt.

890 4111 1002 4179 276.
1034 4114 1258 4175 Daulis,
1305 4115 1427 4169 urbs
1464 4115 1712 4172 Phocidis
1734 4158 1750 4185 ,
1785 4138 1849 4172 ex

824 4205 927 4255 qua
950 4190 1032 4242 via
1071 4189 1297 4246 ducebat
1331 4193 1396 4246 ad
1427 4195 1670 4249 Parnassi
1707 4197 1847 4268 juga.

821 4266 1046 4320 Pausan.
1075 4269 1235 4324 Phoe.
1255 4292 1302 4341 p.
1324 4276 1421 4343 807
1438 4294 1547 4344 sqq.
1563 4280 1849 4346 —Tcmpla

822 4347 1080 4401 Poma-ria
1102 4367 1297 4420 nempe
1323 4352 1581 4422 Apollinis
1616 4366 1670 4409 et
1709 4356 1847 4410 Bac—-

1947 3176 2032 3232 chi
2052 3217 2068 3246 ,
2106 3178 2196 3248 qui
2227 3178 2299 3233 ibi
2332 3175 2661 3233 edebantur.
2688 3176 2861 3241 Rode,
2882 3192 2933 3225 ιι

1945 3258 2043 3309 den
2066 3258 2278 3311 Hoeben
2299 3259 2390 3311 des
2411 3260 2473 3312 P.

2013 3336 2128 3388 280.
2155 3335 2439 3387 Consiste&
2462 3333 2676 3404 proprie
2699 3333 2930 3393 dicuutur,

1945 3411 2037 3480 qui
2079 3430 2110 3464 a
2144 3430 2302 3466 cursu
2339 3421 2429 3465 aut
2462 3411 2658 3466 itinere
2682 3412 2935 3482 quieseunt.

1946 3492 2143 3547 Bunn.
2167 3520 2234 3535 —
2272 3495 2449 3555 &dun
2486 3502 2770 3563 tempestas
2788 3531 2802 3557 ,
2837 3487 2937 3558 quia

1946 3581 2093 3625 ortus
2113 3570 2348 3625 siderum
2371 3580 2428 3624 et
2450 3588 2666 3625 occasus
2689 3577 2939 3640 tempesta-

1945 3658 2024 3703 tes
2051 3649 2293 3703 concitat.
2322 3648 2464 3704 Ftor.
2498 3649 2586 3716 11,
2610 3666 2751 3717 ναι,
2778 3649 2833 3716 8,
2861 3647 2940 3698 hc

1945 3731 2085 3781 velut
2103 3730 2268 3781 sidere
2291 3729 2526 3781 Ase’aele'ce‘
2541 3731 2674 3781 belle·
2683 3734 2815 3781 uota
2835 3731 2940 3777 ten·

1935 3814 2130 3875 peslaes.
2142 3805 2250 3860 Sed
2266 3805 2614 3860 Burmannus
2626 3806 2803 3860 maliet
2815 3817 2942 3872 grate

1928 3886 2131 3955 frigus,
2161 3885 2284 3955 quia
2308 3896 2476 3955 poete
2497 3906 2657 3954 erare
2687 3888 2826 3939 sidus
2853 3897 2939 3932 vo-

1944 3978 2062 4017 care
2077 3962 2251 4016 solent
2277 3981 2453 4017 acrem
2473 3962 2642 4016 solem
2663 3973 2719 4017 et
2733 3958 2941 4014 indeve-

1943 4040 2252 4096 hementem
2280 4041 2510 4096 calon-em
2530 4064 2543 4107 ;
2566 4041 2660 4096 sed
2687 4041 2825 4095 hunc
2847 4051 2937 4089 nm

1942 4119 2228 4173 convenire
2243 4118 2421 4185 imbri,
2442 4120 2584 4189 quia,
2602 4136 2767 4188 quum
2781 4115 2859 4169 itte
2875 4128 2940 4164 m·

1942 4197 2061 4264 dat,
2095 4197 2434 4251 vehementia
2457 4197 2642 4251 sideris
2667 4199 2939 4265 franget-n

1943 4297 2060 4350 quas
2071 4280 2250 4332 omnia
2263 4280 2455 4333 frustra
2465 4279 2534 4332 ab
2543 4300 2609 4335 eo
2617 4279 2942 4332 monimum

2008 4357 2121 4425 284.
2155 4361 2360 4412 Pn'moe
2381 4360 2542 4426 edes,
2573 4358 2779 4412 atrium.
2803 4379 2866 4397 --
2885 4350 2940 4403 lu
