<?xml version="1.0" encoding="UTF-8"?>
<!DOCTYPE html PUBLIC "-//W3C//DTD XHTML 1.0 Transitional//EN"
    "http://www.w3.org/TR/xhtml1/DTD/xhtml1-transitional.dtd">
<html xmlns="http://www.w3.org/1999/xhtml" xml:lang="en" lang="en">
 <head>
  <title>
</title>
<meta http-equiv="Content-Type" content="text/html;charset=utf-8" />
  <meta name='ocr-system' content='tesseract 3.04.00' />
  <meta name='ocr-capabilities' content='ocr_page ocr_carea ocr_par ocr_line ocrx_word'/>
</head>
<body>
  <div class='ocr_page' id='page_1' title='image "./publiusovidiusn01giergoog_0312.png"; bbox 0 0 3217 5134; ppageno 0'>
   <div class='ocr_carea' id='block_1_1' title="bbox 819 539 2377 641">
    <p class='ocr_par' dir='ltr' id='par_1_1' title="bbox 819 539 2377 641">
     <span class='ocr_line' id='line_1_1' title="bbox 819 539 2377 641; baseline -0.004 -26"><span class='ocrx_word' id='word_1_1' title='bbox 819 569 949 641; x_wconf 81' lang='lat'><strong>272</strong></span> <span class='ocrx_word' id='word_1_2' title='bbox 1384 544 1466 611; x_wconf 89' lang='lat' dir='ltr'><strong>P.</strong></span> <span class='ocrx_word' id='word_1_3' title='bbox 1515 542 1870 615; x_wconf 81' lang='lat' dir='ltr'><strong>ovum</strong></span> <span class='ocrx_word' id='word_1_4' title='bbox 1916 539 2377 613; x_wconf 75' lang='lat' dir='ltr'><strong>NAsoms</strong></span> 
     </span>
    </p>
   </div>
   <div class='ocr_carea' id='block_1_2' title="bbox 915 680 2970 785">
    <p class='ocr_par' dir='ltr' id='par_1_2' title="bbox 915 680 2970 785">
     <span class='ocr_line' id='line_1_2' title="bbox 915 680 2970 785; baseline 0 -28"><span class='ocrx_word' id='word_1_5' title='bbox 915 684 1121 757; x_wconf 89' lang='lat' dir='ltr'><strong>Hunc</strong></span> <span class='ocrx_word' id='word_1_6' title='bbox 1160 709 1357 769; x_wconf 51' lang='lat' dir='ltr'><strong>arur„</strong></span> <span class='ocrx_word' id='word_1_7' title='bbox 1388 681 1572 785; x_wconf 71' lang='lat' dir='ltr'><strong>hunc</strong></span> <span class='ocrx_word' id='word_1_8' title='bbox 1606 683 1958 771; x_wconf 79' lang='lat' dir='ltr'><strong>Athamas,</strong></span> <span class='ocrx_word' id='word_1_9' title='bbox 1994 683 2176 758; x_wconf 87' lang='lat' dir='ltr'><strong>hunc</strong></span> <span class='ocrx_word' id='word_1_10' title='bbox 2209 700 2425 757; x_wconf 89' lang='lat' dir='ltr'><strong>cetera</strong></span> <span class='ocrx_word' id='word_1_11' title='bbox 2458 680 2654 758; x_wconf 86' lang='lat' dir='ltr'><strong>turba</strong></span> <span class='ocrx_word' id='word_1_12' title='bbox 2685 709 2970 758; x_wconf 77' lang='lat' dir='ltr'><strong>suorum</strong></span> 
     </span>
    </p>
   </div>
   <div class='ocr_carea' id='block_1_3' title="bbox 822 797 2964 1943">
    <p class='ocr_par' dir='ltr' id='par_1_3' title="bbox 823 797 2964 1017">
     <span class='ocr_line' id='line_1_3' title="bbox 823 797 2964 902; baseline -0 -27"><span class='ocrx_word' id='word_1_13' title='bbox 823 799 1220 901; x_wconf 88' lang='lat' dir='ltr'><strong>Corripiunt</strong></span> <span class='ocrx_word' id='word_1_14' title='bbox 1252 797 1484 886; x_wconf 86' lang='lat' dir='ltr'><strong>dictis,</strong></span> <span class='ocrx_word' id='word_1_15' title='bbox 1519 797 1895 902; x_wconf 77' lang='lat' dir='ltr'>frustraque</span> <span class='ocrx_word' id='word_1_16' title='bbox 1924 799 2226 874; x_wconf 88' lang='lat' dir='ltr'><strong>inhibere</strong></span> <span class='ocrx_word' id='word_1_17' title='bbox 2262 799 2588 875; x_wconf 86' lang='lat' dir='ltr'><strong>laborant.</strong></span> <span class='ocrx_word' id='word_1_18' title='bbox 2858 819 2964 874; x_wconf 78' lang='lat'><strong>565</strong></span> 
     </span>
     <span class='ocr_line' id='line_1_4' title="bbox 824 914 2401 1017; baseline -0.002 -25"><span class='ocrx_word' id='word_1_19' title='bbox 824 916 1066 992; x_wconf 86' lang='lat' dir='ltr'><strong>Acrior</strong></span> <span class='ocrx_word' id='word_1_20' title='bbox 1098 914 1445 990; x_wconf 88' lang='lat' dir='ltr'><strong>admonitu</strong></span> <span class='ocrx_word' id='word_1_21' title='bbox 1477 934 1614 1004; x_wconf 76' lang='lat' dir='ltr'><strong>est3</strong></span> <span class='ocrx_word' id='word_1_22' title='bbox 1644 916 2073 1017; x_wconf 87' lang='lat' dir='ltr'><strong>irritaturque</strong></span> <span class='ocrx_word' id='word_1_23' title='bbox 2104 932 2401 1003; x_wconf 67' lang='lat' dir='ltr'><strong>retenta,</strong></span> 
     </span>
    </p>

    <p class='ocr_par' dir='ltr' id='par_1_4' title="bbox 822 1027 2642 1133">
     <span class='ocr_line' id='line_1_5' title="bbox 822 1027 2642 1133; baseline -0.002 -24"><span class='ocrx_word' id='word_1_24' title='bbox 822 1038 916 1109; x_wconf 89' lang='lat' dir='ltr'><strong>Et</strong></span> <span class='ocrx_word' id='word_1_25' title='bbox 944 1033 1177 1108; x_wconf 85' lang='lat' dir='ltr'><strong>crescit</strong></span> <span class='ocrx_word' id='word_1_26' title='bbox 1210 1032 1464 1119; x_wconf 86' lang='lat' dir='ltr'><strong>rabies;</strong></span> <span class='ocrx_word' id='word_1_27' title='bbox 1498 1027 2071 1132; x_wconf 66' lang='lat' dir='ltr'><strong>remoraminaque</strong></span> <span class='ocrx_word' id='word_1_28' title='bbox 2105 1032 2253 1133; x_wconf 85' lang='lat' dir='ltr'><strong>ipsa</strong></span> <span class='ocrx_word' id='word_1_29' title='bbox 2285 1030 2642 1105; x_wconf 81' lang='lat' dir='ltr'><strong>nocebant.</strong></span> 
     </span>
    </p>

    <p class='ocr_par' dir='ltr' id='par_1_5' title="bbox 823 1146 2448 1250">
     <span class='ocr_line' id='line_1_6' title="bbox 823 1146 2448 1250; baseline -0.003 -25"><span class='ocrx_word' id='word_1_30' title='bbox 823 1151 935 1226; x_wconf 83' lang='lat' dir='ltr'><strong>Sic</strong></span> <span class='ocrx_word' id='word_1_31' title='bbox 970 1179 1095 1247; x_wconf 80' lang='lat' dir='ltr'><strong>ego</strong></span> <span class='ocrx_word' id='word_1_32' title='bbox 1138 1167 1498 1224; x_wconf 85' lang='lat' dir='ltr'><strong>torrentem</strong></span> <span class='ocrx_word' id='word_1_33' title='bbox 1518 1206 1538 1237; x_wconf 88' lang='lat'>‚</span> <span class='ocrx_word' id='word_1_34' title='bbox 1575 1178 1706 1250; x_wconf 87' lang='lat' dir='ltr'><strong>qua</strong></span> <span class='ocrx_word' id='word_1_35' title='bbox 1741 1148 1837 1223; x_wconf 85' lang='lat' dir='ltr'><strong>nil</strong></span> <span class='ocrx_word' id='word_1_36' title='bbox 1870 1148 2185 1223; x_wconf 79' lang='lat' dir='ltr'><strong>obstabat</strong></span> <span class='ocrx_word' id='word_1_37' title='bbox 2219 1146 2405 1222; x_wconf 88' lang='lat' dir='ltr'><strong>eunti</strong></span> <span class='ocrx_word' id='word_1_38' title='bbox 2428 1203 2448 1235; x_wconf 90' lang='lat'>,</span> 
     </span>
    </p>

    <p class='ocr_par' dir='ltr' id='par_1_6' title="bbox 825 1262 2429 1366">
     <span class='ocr_line' id='line_1_7' title="bbox 825 1262 2429 1366; baseline -0.002 -26"><span class='ocrx_word' id='word_1_39' title='bbox 825 1266 1074 1342; x_wconf 86' lang='lat' dir='ltr'><strong>Lenius</strong></span> <span class='ocrx_word' id='word_1_40' title='bbox 1093 1322 1113 1357; x_wconf 86' lang='lat'>‚</span> <span class='ocrx_word' id='word_1_41' title='bbox 1151 1285 1219 1341; x_wconf 87' lang='lat' dir='ltr'><strong>et</strong></span> <span class='ocrx_word' id='word_1_42' title='bbox 1252 1266 1515 1341; x_wconf 89' lang='lat' dir='ltr'><strong>modico</strong></span> <span class='ocrx_word' id='word_1_43' title='bbox 1549 1266 1831 1366; x_wconf 87' lang='lat' dir='ltr'><strong>strepitu</strong></span> <span class='ocrx_word' id='word_1_44' title='bbox 1871 1263 2214 1339; x_wconf 84' lang='lat' dir='ltr'><strong>decurrere</strong></span> <span class='ocrx_word' id='word_1_45' title='bbox 2244 1262 2380 1336; x_wconf 80' lang='lat' dir='ltr'><strong>vidi</strong></span> <span class='ocrx_word' id='word_1_46' title='bbox 2412 1290 2429 1336; x_wconf 74' lang='lat' dir='ltr'><em>z</em></span> 
     </span>
    </p>

    <p class='ocr_par' dir='ltr' id='par_1_7' title="bbox 827 1376 2963 1598">
     <span class='ocr_line' id='line_1_8' title="bbox 827 1376 2963 1484; baseline -0.005 -27"><span class='ocrx_word' id='word_1_47' title='bbox 827 1384 922 1457; x_wconf 89' lang='lat' dir='ltr'><strong>At</strong></span> <span class='ocrx_word' id='word_1_48' title='bbox 954 1409 1368 1484; x_wconf 88' lang='lat' dir='ltr'><strong>quacumque</strong></span> <span class='ocrx_word' id='word_1_49' title='bbox 1405 1380 1626 1455; x_wconf 84' lang='lat' dir='ltr'><strong>trabes</strong></span> <span class='ocrx_word' id='word_1_50' title='bbox 1662 1380 2139 1479; x_wconf 79' lang='lat' dir='ltr'><strong>obstructaque</strong></span> <span class='ocrx_word' id='word_1_51' title='bbox 2172 1406 2329 1452; x_wconf 80' lang='lat' dir='ltr'><strong>saxa</strong></span> <span class='ocrx_word' id='word_1_52' title='bbox 2354 1376 2673 1451; x_wconf 83' lang='lat' dir='ltr'><strong>tenebant</strong></span> <span class='ocrx_word' id='word_1_53' title='bbox 2692 1432 2714 1467; x_wconf 88' lang='lat'>‚</span> <span class='ocrx_word' id='word_1_54' title='bbox 2860 1396 2963 1469; x_wconf 74' lang='lat'><strong>570</strong></span> 
     </span>
     <span class='ocr_line' id='line_1_9' title="bbox 830 1492 2571 1598; baseline -0.002 -29"><span class='ocrx_word' id='word_1_55' title='bbox 830 1496 1161 1598; x_wconf 86' lang='lat' dir='ltr'><strong>Spumeus</strong></span> <span class='ocrx_word' id='word_1_56' title='bbox 1181 1551 1202 1585; x_wconf 90' lang='lat'>‚</span> <span class='ocrx_word' id='word_1_57' title='bbox 1240 1513 1308 1570; x_wconf 89' lang='lat' dir='ltr'><strong>et</strong></span> <span class='ocrx_word' id='word_1_58' title='bbox 1336 1495 1635 1583; x_wconf 83' lang='lat' dir='ltr'><strong>fervens,</strong></span> <span class='ocrx_word' id='word_1_59' title='bbox 1672 1512 1742 1570; x_wconf 92' lang='lat' dir='ltr'><strong>et</strong></span> <span class='ocrx_word' id='word_1_60' title='bbox 1774 1494 1859 1569; x_wconf 85' lang='lat' dir='ltr'><strong>ab</strong></span> <span class='ocrx_word' id='word_1_61' title='bbox 1895 1494 2111 1595; x_wconf 87' lang='lat' dir='ltr'><strong>objice</strong></span> <span class='ocrx_word' id='word_1_62' title='bbox 2145 1492 2379 1568; x_wconf 72' lang='lat' dir='ltr'><strong>saevior</strong></span> <span class='ocrx_word' id='word_1_63' title='bbox 2408 1492 2571 1568; x_wconf 84' lang='lat' dir='ltr'><strong>ibat.</strong></span> 
     </span>
    </p>

    <p class='ocr_par' dir='ltr' id='par_1_8' title="bbox 828 1610 2549 1700">
     <span class='ocr_line' id='line_1_10' title="bbox 828 1610 2549 1700; baseline -0.003 -12"><span class='ocrx_word' id='word_1_64' title='bbox 828 1617 1001 1688; x_wconf 89' lang='lat' dir='ltr'><strong>Ecce</strong></span> <span class='ocrx_word' id='word_1_65' title='bbox 1032 1612 1359 1688; x_wconf 87' lang='lat' dir='ltr'><strong>cruentati</strong></span> <span class='ocrx_word' id='word_1_66' title='bbox 1391 1611 1710 1700; x_wconf 79' lang='lat' dir='ltr'><strong>redeunt3</strong></span> <span class='ocrx_word' id='word_1_67' title='bbox 1745 1629 1843 1700; x_wconf 85' lang='lat' dir='ltr'><strong>et,</strong></span> <span class='ocrx_word' id='word_1_68' title='bbox 1876 1611 2178 1685; x_wconf 83' lang='lat' dir='ltr'><strong>Bacchus</strong></span> <span class='ocrx_word' id='word_1_69' title='bbox 2212 1610 2335 1684; x_wconf 89' lang='lat' dir='ltr'><strong>nbi</strong></span> <span class='ocrx_word' id='word_1_70' title='bbox 2369 1628 2549 1685; x_wconf 81' lang='lat' dir='ltr'><strong>esset</strong></span> 
     </span>
    </p>

    <p class='ocr_par' dir='ltr' id='par_1_9' title="bbox 832 1726 2535 1827">
     <span class='ocr_line' id='line_1_11' title="bbox 832 1726 2535 1827; baseline -0.002 -23"><span class='ocrx_word' id='word_1_71' title='bbox 832 1728 1174 1827; x_wconf 81' lang='lat' dir='ltr'><strong>Quaerenti</strong></span> <span class='ocrx_word' id='word_1_72' title='bbox 1210 1727 1483 1803; x_wconf 84' lang='lat' dir='ltr'><strong>domino</strong></span> <span class='ocrx_word' id='word_1_73' title='bbox 1498 1786 1518 1818; x_wconf 90' lang='lat'>,</span> <span class='ocrx_word' id='word_1_74' title='bbox 1550 1729 1888 1804; x_wconf 88' lang='lat' dir='ltr'><strong>Bacchum</strong></span> <span class='ocrx_word' id='word_1_75' title='bbox 1917 1726 2158 1801; x_wconf 84' lang='lat' dir='ltr'><strong>vidisse</strong></span> <span class='ocrx_word' id='word_1_76' title='bbox 2190 1743 2535 1821; x_wconf 82' lang='lat' dir='ltr'><strong>negarunt.</strong></span> 
     </span>
    </p>

    <p class='ocr_par' dir='ltr' id='par_1_10' title="bbox 833 1841 2847 1943">
     <span class='ocr_line' id='line_1_12' title="bbox 833 1841 2847 1943; baseline 0 -25"><span class='ocrx_word' id='word_1_77' title='bbox 833 1846 1032 1920; x_wconf 86' lang='lat' dir='ltr'><strong>Hunc</strong></span> <span class='ocrx_word' id='word_1_78' title='bbox 1053 1901 1074 1935; x_wconf 90' lang='lat'>‚</span> <span class='ocrx_word' id='word_1_79' title='bbox 1109 1844 1360 1934; x_wconf 84' lang='lat' dir='ltr'><strong>dixere,</strong></span> <span class='ocrx_word' id='word_1_80' title='bbox 1396 1861 1611 1918; x_wconf 90' lang='lat' dir='ltr'><strong>tamen</strong></span> <span class='ocrx_word' id='word_1_81' title='bbox 1645 1842 1985 1933; x_wconf 82' lang='lat' dir='ltr'><strong>comitem,</strong></span> <span class='ocrx_word' id='word_1_82' title='bbox 2017 1841 2470 1943; x_wconf 80' lang='lat' dir='ltr'><strong>famulumque</strong></span> <span class='ocrx_word' id='word_1_83' title='bbox 2504 1870 2847 1918; x_wconf 85' lang='lat' dir='ltr'><strong>sacrorum</strong></span> 
     </span>
    </p>
   </div>
   <div class='ocr_carea' id='block_1_4' title="bbox 815 2042 1856 4387">
    <p class='ocr_par' dir='ltr' id='par_1_11' title="bbox 815 2042 1856 3195">
     <span class='ocr_line' id='line_1_13' title="bbox 897 2042 1848 2115; baseline -0.006 -11"><span class='ocrx_word' id='word_1_84' title='bbox 897 2048 1012 2115; x_wconf 71' lang='grc'><strong>564.</strong></span> <span class='ocrx_word' id='word_1_85' title='bbox 1027 2046 1201 2112; x_wconf 70' lang='lat' dir='ltr'><strong>Avus,</strong></span> <span class='ocrx_word' id='word_1_86' title='bbox 1217 2044 1306 2115; x_wconf 86' lang='lat' dir='ltr'><strong>qui</strong></span> <span class='ocrx_word' id='word_1_87' title='bbox 1322 2045 1379 2098; x_wconf 87' lang='lat' dir='ltr'><strong>in</strong></span> <span class='ocrx_word' id='word_1_88' title='bbox 1388 2043 1515 2098; x_wconf 79' lang='lat' dir='ltr'><strong>vivis</strong></span> <span class='ocrx_word' id='word_1_89' title='bbox 1526 2042 1699 2098; x_wconf 84' lang='lat' dir='ltr'><strong>adhuc</strong></span> <span class='ocrx_word' id='word_1_90' title='bbox 1707 2054 1820 2098; x_wconf 90' lang='lat' dir='ltr'><strong>erat</strong></span> <span class='ocrx_word' id='word_1_91' title='bbox 1832 2082 1848 2111; x_wconf 86' lang='lat'>,</span> 
     </span>
     <span class='ocr_line' id='line_1_14' title="bbox 833 2122 1848 2196; baseline -0.005 -14"><span class='ocrx_word' id='word_1_92' title='bbox 833 2127 925 2183; x_wconf 82' lang='lat' dir='ltr'><strong>sed</strong></span> <span class='ocrx_word' id='word_1_93' title='bbox 970 2144 1199 2196; x_wconf 84' lang='lat' dir='ltr'><strong>regnum</strong></span> <span class='ocrx_word' id='word_1_94' title='bbox 1236 2122 1482 2179; x_wconf 81' lang='lat' dir='ltr'><strong>Pentheo</strong></span> <span class='ocrx_word' id='word_1_95' title='bbox 1520 2122 1809 2177; x_wconf 79' lang='lat' dir='ltr'><strong>tradiderat</strong></span> <span class='ocrx_word' id='word_1_96' title='bbox 1832 2162 1848 2191; x_wconf 88' lang='lat'>,</span> 
     </span>
     <span class='ocr_line' id='line_1_15' title="bbox 815 2202 1854 2269; baseline -0.002 -12"><span class='ocrx_word' id='word_1_97' title='bbox 815 2226 959 2261; x_wconf 61' lang='lat' dir='ltr'><strong>⁴eum</strong></span> <span class='ocrx_word' id='word_1_98' title='bbox 978 2209 1212 2266; x_wconf 71' lang='lat' dir='ltr'><strong>inhibete,</strong></span> <span class='ocrx_word' id='word_1_99' title='bbox 1228 2222 1491 2269; x_wconf 86' lang='lat' dir='ltr'><strong>coercere,</strong></span> <span class='ocrx_word' id='word_1_100' title='bbox 1504 2202 1720 2257; x_wconf 74' lang='lat' dir='ltr'><strong>laborat.</strong></span> <span class='ocrx_word' id='word_1_101' title='bbox 1738 2203 1854 2256; x_wconf 89' lang='lat' dir='ltr'><strong>Eu-</strong></span> 
     </span>
     <span class='ocr_line' id='line_1_16' title="bbox 835 2279 1853 2354; baseline -0.006 -15"><span class='ocrx_word' id='word_1_102' title='bbox 835 2283 986 2354; x_wconf 86' lang='lat' dir='ltr'><strong>ripid.</strong></span> <span class='ocrx_word' id='word_1_103' title='bbox 1014 2284 1128 2338; x_wconf 84' lang='lat'><strong>330.</strong></span> <span class='ocrx_word' id='word_1_104' title='bbox 1150 2307 1220 2323; x_wconf 89' lang='lat'><strong>·--</strong></span> <span class='ocrx_word' id='word_1_105' title='bbox 1242 2280 1401 2351; x_wconf 80' lang='lat' dir='ltr'><strong>Apud</strong></span> <span class='ocrx_word' id='word_1_106' title='bbox 1426 2279 1765 2351; x_wconf 75' lang='lat' dir='ltr'><strong>Euripidem,</strong></span> <span class='ocrx_word' id='word_1_107' title='bbox 1795 2281 1853 2334; x_wconf 87' lang='lat' dir='ltr'><strong>in</strong></span> 
     </span>
     <span class='ocr_line' id='line_1_17' title="bbox 837 2358 1851 2428; baseline -0.005 -9"><span class='ocrx_word' id='word_1_108' title='bbox 837 2363 1053 2419; x_wconf 81' lang='lat' dir='ltr'><strong>Bacchis</strong></span> <span class='ocrx_word' id='word_1_109' title='bbox 1072 2401 1088 2428; x_wconf 82' lang='lat'>‚</span> <span class='ocrx_word' id='word_1_110' title='bbox 1107 2379 1218 2415; x_wconf 90' lang='lat' dir='ltr'><strong>non</strong></span> <span class='ocrx_word' id='word_1_111' title='bbox 1243 2359 1390 2414; x_wconf 88' lang='lat' dir='ltr'><strong>audit</strong></span> <span class='ocrx_word' id='word_1_112' title='bbox 1415 2358 1684 2414; x_wconf 80' lang='lat' dir='ltr'><strong>Cadmum</strong></span> <span class='ocrx_word' id='word_1_113' title='bbox 1701 2399 1717 2427; x_wconf 80' lang='lat'><em>‚</em></span> <span class='ocrx_word' id='word_1_114' title='bbox 1740 2380 1851 2414; x_wconf 87' lang='lat' dir='ltr'><strong>non</strong></span> 
     </span>
     <span class='ocr_line' id='line_1_18' title="bbox 836 2440 1848 2503; baseline -0.004 -7"><span class='ocrx_word' id='word_1_115' title='bbox 836 2441 1112 2496; x_wconf 72' lang='lat' dir='ltr'><strong>Tiresiam.</strong></span> <span class='ocrx_word' id='word_1_116' title='bbox 1144 2442 1246 2493; x_wconf 77' lang='lat' dir='ltr'><strong>Ed.</strong></span> <span class='ocrx_word' id='word_1_117' title='bbox 1274 2466 1342 2480; x_wconf 87' lang='lat'>-</span> <span class='ocrx_word' id='word_1_118' title='bbox 1368 2441 1522 2492; x_wconf 74' lang='lat' dir='ltr'><strong>Hunc</strong></span> <span class='ocrx_word' id='word_1_119' title='bbox 1556 2440 1848 2503; x_wconf 53' lang='lat' dir='ltr'><strong>Athaman</strong></span> 
     </span>
     <span class='ocr_line' id='line_1_19' title="bbox 839 2514 1852 2583; baseline -0.004 -10"><span class='ocrx_word' id='word_1_120' title='bbox 839 2517 982 2573; x_wconf 84' lang='lat' dir='ltr'><strong>AEoli</strong></span> <span class='ocrx_word' id='word_1_121' title='bbox 1023 2517 1160 2571; x_wconf 82' lang='lat' dir='ltr'><strong>filius</strong></span> <span class='ocrx_word' id='word_1_122' title='bbox 1193 2517 1294 2569; x_wconf 84' lang='lat' dir='ltr'><strong>suit</strong></span> <span class='ocrx_word' id='word_1_123' title='bbox 1329 2515 1619 2583; x_wconf 78' lang='lat' dir='ltr'><strong>Athamas,</strong></span> <span class='ocrx_word' id='word_1_124' title='bbox 1662 2514 1852 2570; x_wconf 88' lang='lat' dir='ltr'><strong>Cadmi</strong></span> 
     </span>
     <span class='ocr_line' id='line_1_20' title="bbox 839 2594 1852 2668; baseline -0.003 -17"><span class='ocrx_word' id='word_1_125' title='bbox 839 2616 1016 2668; x_wconf 81' lang='lat' dir='ltr'><strong>gener.</strong></span> <span class='ocrx_word' id='word_1_126' title='bbox 1039 2598 1140 2649; x_wconf 78' lang='lat' dir='ltr'><strong>Ed.</strong></span> <span class='ocrx_word' id='word_1_127' title='bbox 1166 2621 1234 2636; x_wconf 90' lang='lat'><strong>·--</strong></span> <span class='ocrx_word' id='word_1_128' title='bbox 1259 2596 1465 2648; x_wconf 76' lang='lat' dir='ltr'><strong>samm</strong></span> <span class='ocrx_word' id='word_1_129' title='bbox 1489 2594 1739 2665; x_wconf 76' lang='lat' dir='ltr'><strong>languere</strong></span> <span class='ocrx_word' id='word_1_130' title='bbox 1763 2595 1852 2647; x_wconf 80' lang='lat' dir='ltr'><strong>vi-</strong></span> 
     </span>
     <span class='ocr_line' id='line_1_21' title="bbox 839 2672 1851 2743; baseline -0.001 -15"><span class='ocrx_word' id='word_1_131' title='bbox 839 2674 997 2728; x_wconf 89' lang='lat' dir='ltr'><strong>detur</strong></span> <span class='ocrx_word' id='word_1_132' title='bbox 1016 2672 1366 2735; x_wconf 87' lang='lat' dir='ltr'><strong>Burmanno;</strong></span> <span class='ocrx_word' id='word_1_133' title='bbox 1403 2673 1617 2742; x_wconf 73' lang='lat' dir='ltr'><strong>proet&#39;ert</strong></span> <span class='ocrx_word' id='word_1_134' title='bbox 1638 2673 1797 2743; x_wconf 80' lang='lat' dir='ltr'><strong>igitur</strong></span> <span class='ocrx_word' id='word_1_135' title='bbox 1821 2694 1851 2727; x_wconf 88' lang='lat' dir='ltr'><strong>e</strong></span> 
     </span>
     <span class='ocr_line' id='line_1_22' title="bbox 840 2752 1856 2821; baseline -0.002 -14"><span class='ocrx_word' id='word_1_136' title='bbox 840 2752 1089 2807; x_wconf 85' lang='lat' dir='ltr'><strong>Cantabr.</strong></span> <span class='ocrx_word' id='word_1_137' title='bbox 1102 2758 1374 2821; x_wconf 72' lang='lat' dir='ltr'><strong>sequentes,</strong></span> <span class='ocrx_word' id='word_1_138' title='bbox 1396 2752 1544 2805; x_wconf 82' lang='lat' dir='ltr'><strong>malit</strong></span> <span class='ocrx_word' id='word_1_139' title='bbox 1559 2761 1735 2807; x_wconf 87' lang='lat' dir='ltr'><strong>tamen</strong></span> <span class='ocrx_word' id='word_1_140' title='bbox 1735 2752 1856 2819; x_wconf 73' lang='lat' dir='ltr'><strong>fie-</strong></span> 
     </span>
     <span class='ocr_line' id='line_1_23' title="bbox 833 2828 1855 2900; baseline -0.002 -15"><span class='ocrx_word' id='word_1_141' title='bbox 833 2837 1051 2900; x_wconf 79' lang='lat' dir='ltr'><strong>quentes.</strong></span> <span class='ocrx_word' id='word_1_142' title='bbox 1079 2829 1414 2899; x_wconf 75' lang='lat' dir='ltr'><strong>Languorem</strong></span> <span class='ocrx_word' id='word_1_143' title='bbox 1432 2828 1578 2883; x_wconf 79' lang='lat' dir='ltr'><strong>illum</strong></span> <span class='ocrx_word' id='word_1_144' title='bbox 1602 2830 1855 2899; x_wconf 85' lang='lat' dir='ltr'><strong>equidem</strong></span> 
     </span>
     <span class='ocr_line' id='line_1_24' title="bbox 836 2906 1853 2977; baseline -0.001 -15"><span class='ocrx_word' id='word_1_145' title='bbox 836 2927 948 2962; x_wconf 88' lang='lat' dir='ltr'><strong>non</strong></span> <span class='ocrx_word' id='word_1_146' title='bbox 985 2906 1157 2962; x_wconf 78' lang='lat' dir='ltr'><strong>video.</strong></span> <span class='ocrx_word' id='word_1_147' title='bbox 1203 2907 1408 2977; x_wconf 83' lang='lat' dir='ltr'><strong>Regem</strong></span> <span class='ocrx_word' id='word_1_148' title='bbox 1437 2907 1700 2977; x_wconf 81' lang='lat' dir='ltr'><strong>corripere</strong></span> <span class='ocrx_word' id='word_1_149' title='bbox 1740 2927 1853 2961; x_wconf 85' lang='lat' dir='ltr'><strong>non</strong></span> 
     </span>
     <span class='ocr_line' id='line_1_25' title="bbox 835 2985 1854 3056; baseline -0.002 -15"><span class='ocrx_word' id='word_1_150' title='bbox 835 2988 936 3040; x_wconf 84' lang='lat' dir='ltr'><strong>nisi</strong></span> <span class='ocrx_word' id='word_1_151' title='bbox 952 2990 1041 3039; x_wconf 77' lang='lat' dir='ltr'><strong>sni</strong></span> <span class='ocrx_word' id='word_1_152' title='bbox 1049 2997 1306 3055; x_wconf 86' lang='lat' dir='ltr'><strong>poterant.</strong></span> <span class='ocrx_word' id='word_1_153' title='bbox 1320 3015 1389 3028; x_wconf 88' lang='lat'>—</span> <span class='ocrx_word' id='word_1_154' title='bbox 1402 2986 1580 3040; x_wconf 79' lang='lat' dir='ltr'><strong>Nostri</strong></span> <span class='ocrx_word' id='word_1_155' title='bbox 1595 2985 1748 3056; x_wconf 76' lang='lat' dir='ltr'><strong>Regii</strong></span> <span class='ocrx_word' id='word_1_156' title='bbox 1763 2986 1854 3039; x_wconf 90' lang='lat' dir='ltr'><strong>ha-</strong></span> 
     </span>
     <span class='ocr_line' id='line_1_26' title="bbox 838 3063 1854 3134; baseline -0.002 -16"><span class='ocrx_word' id='word_1_157' title='bbox 838 3064 969 3118; x_wconf 85' lang='lat' dir='ltr'><strong>bent</strong></span> <span class='ocrx_word' id='word_1_158' title='bbox 986 3081 1219 3129; x_wconf 74' lang='lat' dir='ltr'><strong>suorum5</strong></span> <span class='ocrx_word' id='word_1_159' title='bbox 1244 3064 1318 3118; x_wconf 89' lang='lat' dir='ltr'><strong>ita</strong></span> <span class='ocrx_word' id='word_1_160' title='bbox 1337 3075 1392 3119; x_wconf 87' lang='lat' dir='ltr'><strong>et</strong></span> <span class='ocrx_word' id='word_1_161' title='bbox 1408 3083 1593 3119; x_wconf 81' lang='lat' dir='ltr'><strong>omnes</strong></span> <span class='ocrx_word' id='word_1_162' title='bbox 1617 3083 1748 3134; x_wconf 88' lang='lat' dir='ltr'><strong>quos</strong></span> <span class='ocrx_word' id='word_1_163' title='bbox 1769 3063 1854 3117; x_wconf 80' lang='lat' dir='ltr'><strong>atii</strong></span> 
     </span>
     <span class='ocr_line' id='line_1_27' title="bbox 838 3141 1356 3195; baseline -0.002 0"><span class='ocrx_word' id='word_1_164' title='bbox 838 3141 1231 3195; x_wconf 85' lang='lat' dir='ltr'><strong>consuluerunt.</strong></span> <span class='ocrx_word' id='word_1_165' title='bbox 1256 3145 1356 3194; x_wconf 74' lang='lat' dir='ltr'><strong>Ed.</strong></span> 
     </span>
    </p>

    <p class='ocr_par' dir='ltr' id='par_1_12' title="bbox 833 3218 1856 4387">
     <span class='ocr_line' id='line_1_28' title="bbox 907 3218 1854 3287; baseline 0.002 -16"><span class='ocrx_word' id='word_1_166' title='bbox 907 3218 1021 3271; x_wconf 86' lang='grc'><strong>566.</strong></span> <span class='ocrx_word' id='word_1_167' title='bbox 1037 3220 1226 3271; x_wconf 78' lang='lat' dir='ltr'><strong>Acrior</strong></span> <span class='ocrx_word' id='word_1_168' title='bbox 1236 3221 1492 3273; x_wconf 77' lang='lat' dir='ltr'><strong>admonitu</strong></span> <span class='ocrx_word' id='word_1_169' title='bbox 1513 3228 1605 3273; x_wconf 84' lang='lat' dir='ltr'><strong>est.</strong></span> <span class='ocrx_word' id='word_1_170' title='bbox 1627 3221 1854 3287; x_wconf 74' lang='lat' dir='ltr'><strong>Bet-neg.</strong></span> 
     </span>
     <span class='ocr_line' id='line_1_29' title="bbox 842 3295 1854 3367; baseline -0.002 -17"><span class='ocrx_word' id='word_1_171' title='bbox 842 3295 1055 3362; x_wconf 83' lang='lat' dir='ltr'><strong>Codex,</strong></span> <span class='ocrx_word' id='word_1_172' title='bbox 1095 3315 1132 3347; x_wconf 85' lang='lat' dir='ltr'><strong>a</strong></span> <span class='ocrx_word' id='word_1_173' title='bbox 1151 3302 1341 3349; x_wconf 75' lang='lat' dir='ltr'><strong>monitu</strong></span> <span class='ocrx_word' id='word_1_174' title='bbox 1355 3336 1371 3360; x_wconf 86' lang='lat'>‚</span> <span class='ocrx_word' id='word_1_175' title='bbox 1409 3298 1550 3367; x_wconf 91' lang='lat' dir='ltr'><strong>quod</strong></span> <span class='ocrx_word' id='word_1_176' title='bbox 1575 3297 1723 3351; x_wconf 81' lang='lat' dir='ltr'><strong>valde</strong></span> <span class='ocrx_word' id='word_1_177' title='bbox 1749 3296 1854 3350; x_wconf 88' lang='lat' dir='ltr'><strong>ad-</strong></span> 
     </span>
     <span class='ocr_line' id='line_1_30' title="bbox 837 3372 1853 3445; baseline 0 -16"><span class='ocrx_word' id='word_1_178' title='bbox 837 3372 1105 3429; x_wconf 81' lang='lat' dir='ltr'><strong>blanditur</strong></span> <span class='ocrx_word' id='word_1_179' title='bbox 1155 3375 1469 3428; x_wconf 88' lang='lat' dir='ltr'><strong>Burmanno</strong></span> <span class='ocrx_word' id='word_1_180' title='bbox 1497 3414 1514 3443; x_wconf 89' lang='lat'><strong><em>,</em></strong></span> <span class='ocrx_word' id='word_1_181' title='bbox 1563 3376 1653 3445; x_wconf 87' lang='lat' dir='ltr'><strong>qui</strong></span> <span class='ocrx_word' id='word_1_182' title='bbox 1695 3376 1853 3430; x_wconf 85' lang='lat' dir='ltr'><strong>etiam</strong></span> 
     </span>
     <span class='ocr_line' id='line_1_31' title="bbox 837 3451 1853 3524; baseline -0.001 -16"><span class='ocrx_word' id='word_1_183' title='bbox 837 3453 1073 3524; x_wconf 84' lang='lat' dir='ltr'><strong>exempla</strong></span> <span class='ocrx_word' id='word_1_184' title='bbox 1093 3451 1263 3506; x_wconf 73' lang='lat' dir='ltr'><strong>adfert</strong></span> <span class='ocrx_word' id='word_1_185' title='bbox 1278 3492 1295 3520; x_wconf 87' lang='lat'>,</span> <span class='ocrx_word' id='word_1_186' title='bbox 1322 3452 1412 3506; x_wconf 88' lang='lat' dir='ltr'><strong>ubi</strong></span> <span class='ocrx_word' id='word_1_187' title='bbox 1432 3474 1469 3506; x_wconf 88' lang='lat' dir='ltr'><strong>a</strong></span> <span class='ocrx_word' id='word_1_188' title='bbox 1491 3472 1586 3523; x_wconf 87' lang='lat' dir='ltr'><strong>pro</strong></span> <span class='ocrx_word' id='word_1_189' title='bbox 1601 3461 1725 3521; x_wconf 78' lang='lat' dir='ltr'><strong>pos!</strong></span> <span class='ocrx_word' id='word_1_190' title='bbox 1743 3474 1853 3524; x_wconf 86' lang='lat' dir='ltr'><strong>po-</strong></span> 
     </span>
     <span class='ocr_line' id='line_1_32' title="bbox 833 3529 1845 3602; baseline 0.001 -17"><span class='ocrx_word' id='word_1_191' title='bbox 833 3532 996 3586; x_wconf 83' lang='lat' dir='ltr'><strong>nitur.</strong></span> <span class='ocrx_word' id='word_1_192' title='bbox 1018 3558 1086 3573; x_wconf 92' lang='lat'><strong>—-</strong></span> <span class='ocrx_word' id='word_1_193' title='bbox 1100 3529 1284 3584; x_wconf 83' lang='lat' dir='ltr'><strong>Codex</strong></span> <span class='ocrx_word' id='word_1_194' title='bbox 1305 3531 1500 3602; x_wconf 82' lang='lat' dir='ltr'><strong>Regius</strong></span> <span class='ocrx_word' id='word_1_195' title='bbox 1517 3531 1586 3599; x_wconf 87' lang='lat' dir='ltr'><strong>A,</strong></span> <span class='ocrx_word' id='word_1_196' title='bbox 1605 3539 1845 3596; x_wconf 68' lang='lat' dir='ltr'><strong>amonim,</strong></span> 
     </span>
     <span class='ocr_line' id='line_1_33' title="bbox 837 3609 1855 3680; baseline 0.003 -18"><span class='ocrx_word' id='word_1_197' title='bbox 837 3609 979 3680; x_wconf 90' lang='lat' dir='ltr'><strong>quod</strong></span> <span class='ocrx_word' id='word_1_198' title='bbox 1013 3609 1155 3664; x_wconf 87' lang='lat' dir='ltr'><strong>idem</strong></span> <span class='ocrx_word' id='word_1_199' title='bbox 1191 3621 1268 3664; x_wconf 85' lang='lat' dir='ltr'><strong>est</strong></span> <span class='ocrx_word' id='word_1_200' title='bbox 1299 3610 1443 3680; x_wconf 89' lang='lat' dir='ltr'><strong>quod</strong></span> <span class='ocrx_word' id='word_1_201' title='bbox 1474 3613 1762 3673; x_wconf 78' lang='lat' dir='ltr'><strong>admonitu,</strong></span> <span class='ocrx_word' id='word_1_202' title='bbox 1801 3622 1855 3665; x_wconf 91' lang='lat' dir='ltr'><strong>et</strong></span> 
     </span>
     <span class='ocr_line' id='line_1_34' title="bbox 837 3689 1853 3760; baseline 0 -18"><span class='ocrx_word' id='word_1_203' title='bbox 837 3689 939 3743; x_wconf 93' lang='lat' dir='ltr'><strong>hoc</strong></span> <span class='ocrx_word' id='word_1_204' title='bbox 977 3700 1303 3760; x_wconf 82' lang='lat' dir='ltr'><strong>postremum</strong></span> <span class='ocrx_word' id='word_1_205' title='bbox 1350 3689 1509 3745; x_wconf 85' lang='lat' dir='ltr'><strong>habet</strong></span> <span class='ocrx_word' id='word_1_206' title='bbox 1555 3691 1752 3760; x_wconf 84' lang='lat' dir='ltr'><strong>Regius</strong></span> <span class='ocrx_word' id='word_1_207' title='bbox 1790 3690 1853 3743; x_wconf 90' lang='grc' dir='ltr'><strong>Β.</strong></span> 
     </span>
     <span class='ocr_line' id='line_1_35' title="bbox 835 3767 1854 3840; baseline 0.003 -19"><span class='ocrx_word' id='word_1_208' title='bbox 835 3767 1015 3822; x_wconf 79' lang='lat' dir='ltr'><strong>Lectio</strong></span> <span class='ocrx_word' id='word_1_209' title='bbox 1035 3767 1243 3825; x_wconf 87' lang='lat' dir='ltr'><strong>Codicis</strong></span> <span class='ocrx_word' id='word_1_210' title='bbox 1261 3770 1485 3840; x_wconf 75' lang='lat' dir='ltr'><strong>Berneg.</strong></span> <span class='ocrx_word' id='word_1_211' title='bbox 1509 3789 1669 3839; x_wconf 87' lang='lat' dir='ltr'><strong>quam</strong></span> <span class='ocrx_word' id='word_1_212' title='bbox 1693 3771 1854 3824; x_wconf 84' lang='lat' dir='ltr'><strong>refert</strong></span> 
     </span>
     <span class='ocr_line' id='line_1_36' title="bbox 844 3847 1853 3917; baseline 0.002 -18"><span class='ocrx_word' id='word_1_213' title='bbox 844 3848 1021 3915; x_wconf 66' lang='lat' dir='ltr'><strong>Geim’g</strong></span> <span class='ocrx_word' id='word_1_214' title='bbox 1051 3887 1065 3907; x_wconf 84' lang='lat'>,</span> <span class='ocrx_word' id='word_1_215' title='bbox 1132 3865 1195 3900; x_wconf 83' lang='lat' dir='ltr'><strong>ex</strong></span> <span class='ocrx_word' id='word_1_216' title='bbox 1232 3847 1547 3917; x_wconf 87' lang='lat' dir='ltr'><strong>compendio</strong></span> <span class='ocrx_word' id='word_1_217' title='bbox 1586 3848 1853 3917; x_wconf 62' lang='lat' dir='ltr'><strong>scriptura</strong></span> 
     </span>
     <span class='ocr_line' id='line_1_37' title="bbox 837 3923 1851 3994; baseline -0.004 -13"><span class='ocrx_word' id='word_1_218' title='bbox 837 3923 1088 3994; x_wconf 81' lang='lat' dir='ltr'><strong>procedit.</strong></span> <span class='ocrx_word' id='word_1_219' title='bbox 1113 3926 1213 3977; x_wconf 78' lang='lat' dir='ltr'><strong>Ed.</strong></span> <span class='ocrx_word' id='word_1_220' title='bbox 1252 3953 1319 3965; x_wconf 92' lang='lat'>-</span> <span class='ocrx_word' id='word_1_221' title='bbox 1342 3927 1557 3987; x_wconf 79' lang='lat' dir='ltr'><strong>Acrior,</strong></span> <span class='ocrx_word' id='word_1_222' title='bbox 1595 3926 1851 3991; x_wconf 81' lang='lat' dir='ltr'><strong>ferocior,</strong></span> 
     </span>
     <span class='ocr_line' id='line_1_38' title="bbox 836 4002 1854 4073; baseline 0.001 -17"><span class='ocrx_word' id='word_1_223' title='bbox 836 4002 1140 4058; x_wconf 83' lang='lat' dir='ltr'><strong>iracundior</strong></span> <span class='ocrx_word' id='word_1_224' title='bbox 1158 4002 1219 4058; x_wconf 85' lang='lat' dir='ltr'><strong>fit</strong></span> <span class='ocrx_word' id='word_1_225' title='bbox 1242 4023 1303 4057; x_wconf 83' lang='lat' dir='ltr'><strong>ex</strong></span> <span class='ocrx_word' id='word_1_226' title='bbox 1328 4004 1420 4058; x_wconf 76' lang='lat' dir='ltr'><strong>irae</strong></span> <span class='ocrx_word' id='word_1_227' title='bbox 1442 4014 1633 4060; x_wconf 83' lang='lat' dir='ltr'><strong>natura</strong></span> <span class='ocrx_word' id='word_1_228' title='bbox 1653 4044 1668 4071; x_wconf 87' lang='lat'><strong>,</strong></span> <span class='ocrx_word' id='word_1_229' title='bbox 1695 4023 1854 4073; x_wconf 87' lang='lat' dir='ltr'><strong>quam</strong></span> 
     </span>
     <span class='ocr_line' id='line_1_39' title="bbox 839 4079 1856 4152; baseline 0.001 -19"><span class='ocrx_word' id='word_1_230' title='bbox 839 4091 994 4149; x_wconf 85' lang='lat' dir='ltr'><strong>poeta</strong></span> <span class='ocrx_word' id='word_1_231' title='bbox 1033 4079 1318 4150; x_wconf 77' lang='lat' dir='ltr'><strong>loquaciter</strong></span> <span class='ocrx_word' id='word_1_232' title='bbox 1369 4081 1585 4152; x_wconf 88' lang='lat' dir='ltr'><strong>quidem</strong></span> <span class='ocrx_word' id='word_1_233' title='bbox 1629 4094 1856 4152; x_wconf 86' lang='lat' dir='ltr'><strong>quatuor</strong></span> 
     </span>
     <span class='ocr_line' id='line_1_40' title="bbox 837 4157 1853 4231; baseline 0.005 -21"><span class='ocrx_word' id='word_1_234' title='bbox 837 4157 1075 4212; x_wconf 85' lang='lat' dir='ltr'><strong>formulis</strong></span> <span class='ocrx_word' id='word_1_235' title='bbox 1097 4158 1295 4213; x_wconf 86' lang='lat' dir='ltr'><strong>indicat</strong></span> <span class='ocrx_word' id='word_1_236' title='bbox 1313 4199 1329 4229; x_wconf 90' lang='lat'>,</span> <span class='ocrx_word' id='word_1_237' title='bbox 1358 4159 1449 4214; x_wconf 82' lang='lat' dir='ltr'><strong>sed</strong></span> <span class='ocrx_word' id='word_1_238' title='bbox 1473 4161 1680 4231; x_wconf 79' lang='lat' dir='ltr'><strong>egregie</strong></span> <span class='ocrx_word' id='word_1_239' title='bbox 1700 4161 1853 4215; x_wconf 79' lang='lat' dir='ltr'><strong>inus-</strong></span> 
     </span>
     <span class='ocr_line' id='line_1_41' title="bbox 838 4236 1853 4309; baseline 0.006 -22"><span class='ocrx_word' id='word_1_240' title='bbox 838 4244 940 4287; x_wconf 87' lang='lat' dir='ltr'><strong>trat</strong></span> <span class='ocrx_word' id='word_1_241' title='bbox 974 4236 1316 4291; x_wconf 73' lang='lat' dir='ltr'><strong>simiiitudine</strong></span> <span class='ocrx_word' id='word_1_242' title='bbox 1350 4240 1582 4308; x_wconf 81' lang='lat' dir='ltr'><strong>subjecta</strong></span> <span class='ocrx_word' id='word_1_243' title='bbox 1603 4279 1619 4307; x_wconf 82' lang='lat'><strong><em>‚</em></strong></span> <span class='ocrx_word' id='word_1_244' title='bbox 1659 4240 1716 4292; x_wconf 88' lang='lat' dir='ltr'><strong>in</strong></span> <span class='ocrx_word' id='word_1_245' title='bbox 1751 4258 1853 4309; x_wconf 87' lang='lat' dir='ltr'><strong>qua</strong></span> 
     </span>
     <span class='ocr_line' id='line_1_42' title="bbox 836 4316 1855 4387; baseline 0.004 -20"><span class='ocrx_word' id='word_1_246' title='bbox 836 4333 933 4385; x_wconf 89' lang='lat' dir='ltr'><strong>pro</strong></span> <span class='ocrx_word' id='word_1_247' title='bbox 958 4316 1188 4385; x_wconf 83' lang='lat' dir='ltr'><strong>generali</strong></span> <span class='ocrx_word' id='word_1_248' title='bbox 1211 4317 1326 4387; x_wconf 80' lang='lat' dir='ltr'><strong>illo,</strong></span> <span class='ocrx_word' id='word_1_249' title='bbox 1351 4322 1429 4371; x_wconf 81' lang='lat' dir='ltr'><strong>sic</strong></span> <span class='ocrx_word' id='word_1_250' title='bbox 1452 4327 1645 4372; x_wconf 69' lang='lat' dir='ltr'><strong>torreas</strong></span> <span class='ocrx_word' id='word_1_251' title='bbox 1665 4321 1855 4372; x_wconf 77' lang='lat' dir='ltr'><strong>decur-</strong></span> 
     </span>
    </p>
   </div>
   <div class='ocr_carea' id='block_1_5' title="bbox 1945 2042 2960 2189">
    <p class='ocr_par' dir='ltr' id='par_1_13' title="bbox 1945 2042 2960 2189">
     <span class='ocr_line' id='line_1_43' title="bbox 1945 2042 2960 2113; baseline 0 -17"><span class='ocrx_word' id='word_1_252' title='bbox 1945 2047 2038 2104; x_wconf 74' lang='lat' dir='ltr'><strong>n’t.</strong></span> <span class='ocrx_word' id='word_1_253' title='bbox 2064 2042 2259 2113; x_wconf 25' lang='lat' dir='ltr'><strong>‘meiius</strong></span> <span class='ocrx_word' id='word_1_254' title='bbox 2272 2082 2288 2109; x_wconf 88' lang='lat'>,</span> <span class='ocrx_word' id='word_1_255' title='bbox 2310 2048 2391 2098; x_wconf 71' lang='lat' dir='ltr'><strong>sie:</strong></span> <span class='ocrx_word' id='word_1_256' title='bbox 2405 2062 2499 2110; x_wconf 66' lang='lat' dir='ltr'><strong>ego</strong></span> <span class='ocrx_word' id='word_1_257' title='bbox 2513 2049 2778 2097; x_wconf 65' lang='lat' dir='ltr'><strong>tenentem</strong></span> <span class='ocrx_word' id='word_1_258' title='bbox 2795 2045 2960 2097; x_wconf 58' lang='lat' dir='ltr'><strong>lew*-</strong></span> 
     </span>
     <span class='ocr_line' id='line_1_44' title="bbox 1947 2119 2957 2189; baseline 0 -16"><span class='ocrx_word' id='word_1_259' title='bbox 1947 2139 2052 2173; x_wconf 83' lang='lat' dir='ltr'><strong>rere</strong></span> <span class='ocrx_word' id='word_1_260' title='bbox 2083 2122 2206 2175; x_wconf 76' lang='lat' dir='ltr'><strong>vidi.</strong></span> <span class='ocrx_word' id='word_1_261' title='bbox 2238 2147 2306 2161; x_wconf 90' lang='lat'>-</span> <span class='ocrx_word' id='word_1_262' title='bbox 2340 2122 2612 2173; x_wconf 61' lang='lat' dir='ltr'><strong>Decurre&amp;</strong></span> <span class='ocrx_word' id='word_1_263' title='bbox 2644 2120 2857 2189; x_wconf 84' lang='lat' dir='ltr'><strong>proprie</strong></span> <span class='ocrx_word' id='word_1_264' title='bbox 2898 2119 2957 2173; x_wconf 84' lang='lat' dir='ltr'><strong>de</strong></span> 
     </span>
    </p>
   </div>
   <div class='ocr_carea' id='block_1_6' title="bbox 1949 2186 3073 2269">
    <p class='ocr_par' dir='ltr' id='par_1_14' title="bbox 1949 2186 3073 2269">
     <span class='ocr_line' id='line_1_45' title="bbox 1949 2186 3073 2269; baseline 0 -17"><span class='ocrx_word' id='word_1_265' title='bbox 1949 2198 2156 2267; x_wconf 83' lang='lat' dir='ltr'><strong>fluviis,</strong></span> <span class='ocrx_word' id='word_1_266' title='bbox 2192 2199 2283 2269; x_wconf 83' lang='lat' dir='ltr'><strong>qui</strong></span> <span class='ocrx_word' id='word_1_267' title='bbox 2315 2200 2423 2252; x_wconf 87' lang='lat' dir='ltr'><strong>sere</strong></span> <span class='ocrx_word' id='word_1_268' title='bbox 2454 2218 2519 2252; x_wconf 81' lang='lat' dir='ltr'><strong>ex</strong></span> <span class='ocrx_word' id='word_1_269' title='bbox 2551 2198 2824 2253; x_wconf 80' lang='lat' dir='ltr'><strong>altioribus</strong></span> <span class='ocrx_word' id='word_1_270' title='bbox 2846 2198 2959 2252; x_wconf 75' lang='lat' dir='ltr'><strong>iotis</strong></span> <span class='ocrx_word' id='word_1_271' title='bbox 3064 2186 3073 2193; x_wconf 42' lang='lat'><strong>⁹</strong></span> 
     </span>
    </p>
   </div>
   <div class='ocr_carea' id='block_1_7' title="bbox 1945 2278 2959 4388">
    <p class='ocr_par' dir='ltr' id='par_1_15' title="bbox 1949 2278 2958 2581">
     <span class='ocr_line' id='line_1_46' title="bbox 1952 2278 2958 2347; baseline 0.001 -16"><span class='ocrx_word' id='word_1_272' title='bbox 1952 2278 2210 2333; x_wconf 83' lang='lat' dir='ltr'><strong>defluunt.</strong></span> <span class='ocrx_word' id='word_1_273' title='bbox 2239 2307 2309 2320; x_wconf 93' lang='lat'>—</span> <span class='ocrx_word' id='word_1_274' title='bbox 2336 2281 2404 2333; x_wconf 87' lang='lat' dir='ltr'><strong>In</strong></span> <span class='ocrx_word' id='word_1_275' title='bbox 2446 2298 2601 2332; x_wconf 81' lang='lat' dir='ltr'><strong>versu</strong></span> <span class='ocrx_word' id='word_1_276' title='bbox 2638 2289 2958 2347; x_wconf 66' lang='lat' dir='ltr'><strong>antepreoe-</strong></span> 
     </span>
     <span class='ocr_line' id='line_1_47' title="bbox 1950 2344 2957 2426; baseline -0.002 -16"><span class='ocrx_word' id='word_1_277' title='bbox 1950 2357 2099 2411; x_wconf 88' lang='lat' dir='ltr'><strong>denti</strong></span> <span class='ocrx_word' id='word_1_278' title='bbox 2116 2395 2132 2423; x_wconf 82' lang='lat'>,</span> <span class='ocrx_word' id='word_1_279' title='bbox 2157 2344 2339 2411; x_wconf 71' lang='lat' dir='ltr'><strong>Codtix</strong></span> <span class='ocrx_word' id='word_1_280' title='bbox 2355 2357 2550 2426; x_wconf 70' lang='lat' dir='ltr'><strong>Regius</strong></span> <span class='ocrx_word' id='word_1_281' title='bbox 2567 2356 2620 2409; x_wconf 80' lang='lat' dir='ltr'>A</span> <span class='ocrx_word' id='word_1_282' title='bbox 2635 2356 2800 2411; x_wconf 84' lang='lat' dir='ltr'><strong>habet</strong></span> <span class='ocrx_word' id='word_1_283' title='bbox 2817 2375 2957 2409; x_wconf 70' lang='lat' dir='ltr'><strong>reno-</strong></span> 
     </span>
     <span class='ocr_line' id='line_1_48' title="bbox 1949 2433 2958 2501; baseline -0.001 -15"><span class='ocrx_word' id='word_1_284' title='bbox 1949 2440 2175 2501; x_wconf 75' lang='lat' dir='ltr'><strong>tame&#39;na3</strong></span> <span class='ocrx_word' id='word_1_285' title='bbox 2204 2446 2257 2490; x_wconf 89' lang='lat' dir='ltr'><strong>at</strong></span> <span class='ocrx_word' id='word_1_286' title='bbox 2293 2433 2475 2488; x_wconf 82' lang='lat' dir='ltr'><strong>Codex</strong></span> <span class='ocrx_word' id='word_1_287' title='bbox 2503 2436 2549 2488; x_wconf 91' lang='lat' dir='ltr'>B</span> <span class='ocrx_word' id='word_1_288' title='bbox 2566 2473 2582 2501; x_wconf 82' lang='lat'><em>,</em></span> <span class='ocrx_word' id='word_1_289' title='bbox 2613 2438 2958 2489; x_wconf 59' lang='lat' dir='ltr'><strong>modernae.</strong></span> 
     </span>
     <span class='ocr_line' id='line_1_49' title="bbox 1949 2512 2957 2581; baseline -0.001 -17"><span class='ocrx_word' id='word_1_290' title='bbox 1949 2512 2212 2567; x_wconf 83' lang='lat' dir='ltr'><strong>Baronius</strong></span> <span class='ocrx_word' id='word_1_291' title='bbox 2227 2552 2243 2579; x_wconf 84' lang='lat'>‚</span> <span class='ocrx_word' id='word_1_292' title='bbox 2264 2519 2615 2575; x_wconf 65' lang='grc' dir='ltr'><strong>νινοσαωίπες</strong></span> <span class='ocrx_word' id='word_1_293' title='bbox 2644 2531 2799 2581; x_wconf 67' lang='lat' dir='ltr'><strong>eque</strong></span> <span class='ocrx_word' id='word_1_294' title='bbox 2819 2512 2957 2565; x_wconf 68' lang='lat' dir='ltr'><strong>bene</strong></span> 
     </span>
    </p>

    <p class='ocr_par' dir='ltr' id='par_1_16' title="bbox 1948 2588 2959 3369">
     <span class='ocr_line' id='line_1_50' title="bbox 2017 2588 2957 2660; baseline -0.002 -16"><span class='ocrx_word' id='word_1_295' title='bbox 2017 2594 2130 2660; x_wconf 85' lang='lat'><strong>570.</strong></span> <span class='ocrx_word' id='word_1_296' title='bbox 2158 2592 2538 2659; x_wconf 70' lang='lat' dir='ltr'><strong>Obstructoque.</strong></span> <span class='ocrx_word' id='word_1_297' title='bbox 2565 2589 2813 2657; x_wconf 76' lang='lat' dir='ltr'><strong>Obiecta.</strong></span> <span class='ocrx_word' id='word_1_298' title='bbox 2834 2588 2957 2642; x_wconf 77' lang='lat' dir='ltr'><strong>vide</strong></span> 
     </span>
     <span class='ocr_line' id='line_1_51' title="bbox 1952 2664 2959 2723; baseline -0.005 -1"><span class='ocrx_word' id='word_1_299' title='bbox 1952 2668 2254 2723; x_wconf 81' lang='lat' dir='ltr'><strong>Heinsium.</strong></span> <span class='ocrx_word' id='word_1_300' title='bbox 2286 2696 2354 2710; x_wconf 90' lang='lat'><strong>·-</strong></span> <span class='ocrx_word' id='word_1_301' title='bbox 2391 2668 2709 2723; x_wconf 85' lang='lat' dir='ltr'><strong>Gebhardus</strong></span> <span class='ocrx_word' id='word_1_302' title='bbox 2746 2687 2779 2722; x_wconf 82' lang='lat' dir='ltr'><strong>e</strong></span> <span class='ocrx_word' id='word_1_303' title='bbox 2808 2664 2959 2720; x_wconf 80' lang='lat' dir='ltr'><strong>MSS.</strong></span> 
     </span>
     <span class='ocr_line' id='line_1_52' title="bbox 1949 2749 2957 2818; baseline -0.003 -16"><span class='ocrx_word' id='word_1_304' title='bbox 1949 2752 2289 2818; x_wconf 69' lang='lat' dir='ltr'><strong>obstrusaque.</strong></span> <span class='ocrx_word' id='word_1_305' title='bbox 2332 2776 2399 2792; x_wconf 92' lang='lat'><strong>—·</strong></span> <span class='ocrx_word' id='word_1_306' title='bbox 2441 2749 2608 2804; x_wconf 86' lang='lat' dir='ltr'><strong>Recte</strong></span> <span class='ocrx_word' id='word_1_307' title='bbox 2645 2753 2902 2803; x_wconf 70' lang='lat' dir='ltr'><strong>obstacle</strong></span> <span class='ocrx_word' id='word_1_308' title='bbox 2928 2765 2957 2799; x_wconf 84' lang='lat' dir='ltr'><strong>e</strong></span> 
     </span>
     <span class='ocr_line' id='line_1_53' title="bbox 1953 2825 2955 2897; baseline -0.004 -16"><span class='ocrx_word' id='word_1_309' title='bbox 1953 2825 2239 2882; x_wconf 84' lang='lat' dir='ltr'><strong>Codicibus</strong></span> <span class='ocrx_word' id='word_1_310' title='bbox 2256 2827 2448 2897; x_wconf 74' lang='lat' dir='ltr'><strong>Regiis.</strong></span> <span class='ocrx_word' id='word_1_311' title='bbox 2468 2829 2569 2880; x_wconf 77' lang='lat' dir='ltr'><strong>Ed.</strong></span> <span class='ocrx_word' id='word_1_312' title='bbox 2584 2855 2654 2868; x_wconf 93' lang='lat'><strong>-—</strong></span> <span class='ocrx_word' id='word_1_313' title='bbox 2684 2830 2955 2889; x_wconf 66' lang='lat' dir='ltr'><strong>Tenebat,</strong></span> 
     </span>
     <span class='ocr_line' id='line_1_54' title="bbox 1948 2906 2953 2975; baseline -0.002 -16"><span class='ocrx_word' id='word_1_314' title='bbox 1948 2923 2161 2959; x_wconf 83' lang='lat' dir='ltr'><strong>cursum</strong></span> <span class='ocrx_word' id='word_1_315' title='bbox 2182 2906 2296 2975; x_wconf 79' lang='lat' dir='ltr'><strong>eius</strong></span> <span class='ocrx_word' id='word_1_316' title='bbox 2319 2906 2680 2960; x_wconf 84' lang='lat' dir='ltr'><strong>morabantur.</strong></span> <span class='ocrx_word' id='word_1_317' title='bbox 2703 2932 2771 2946; x_wconf 91' lang='lat'><strong>·-</strong></span> <span class='ocrx_word' id='word_1_318' title='bbox 2795 2906 2953 2963; x_wconf 69' lang='lat' dir='ltr'><strong>ota.</strong></span> 
     </span>
     <span class='ocr_line' id='line_1_55' title="bbox 1949 2983 2957 3051; baseline -0.007 -13"><span class='ocrx_word' id='word_1_319' title='bbox 1949 2983 2122 3037; x_wconf 71' lang='lat' dir='ltr'><strong>trabes</strong></span> <span class='ocrx_word' id='word_1_320' title='bbox 2138 2983 2429 3050; x_wconf 66' lang='lat' dir='ltr'><strong>obstructa,</strong></span> <span class='ocrx_word' id='word_1_321' title='bbox 2452 2983 2510 3051; x_wconf 87' lang='lat'><strong>1,</strong></span> <span class='ocrx_word' id='word_1_322' title='bbox 2535 2983 2676 3037; x_wconf 79' lang='lat' dir='ltr'><strong>Fast.</strong></span> <span class='ocrx_word' id='word_1_323' title='bbox 2694 2984 2819 3044; x_wconf 50' lang='lat' dir='ltr'><strong>55?st</strong></span> <span class='ocrx_word' id='word_1_324' title='bbox 2842 2985 2957 3034; x_wconf 65' lang='lat' dir='ltr'><strong>aba</strong></span> 
     </span>
     <span class='ocr_line' id='line_1_56' title="bbox 1948 3059 2951 3129; baseline -0.002 -17"><span class='ocrx_word' id='word_1_325' title='bbox 1948 3065 2133 3113; x_wconf 68' lang='grc' dir='ltr'><em>πωπω·</em></span> <span class='ocrx_word' id='word_1_326' title='bbox 2147 3101 2160 3123; x_wconf 90' lang='grc'><em>,</em></span> <span class='ocrx_word' id='word_1_327' title='bbox 2188 3079 2342 3114; x_wconf 78' lang='lat' dir='ltr'><strong>mons</strong></span> <span class='ocrx_word' id='word_1_328' title='bbox 2371 3060 2641 3129; x_wconf 52' lang='lat' dir='ltr'><strong>objectum</strong></span> <span class='ocrx_word' id='word_1_329' title='bbox 2675 3063 2744 3112; x_wconf 81' lang='lat' dir='ltr'><strong>ab</strong></span> <span class='ocrx_word' id='word_1_330' title='bbox 2773 3059 2951 3125; x_wconf 63' lang='lat' dir='ltr'><strong>obsti-e,</strong></span> 
     </span>
     <span class='ocr_line' id='line_1_57' title="bbox 1949 3135 2956 3208; baseline -0.004 -17"><span class='ocrx_word' id='word_1_331' title='bbox 1949 3149 2166 3208; x_wconf 90' lang='lat' dir='ltr'><strong>propter</strong></span> <span class='ocrx_word' id='word_1_332' title='bbox 2182 3138 2424 3208; x_wconf 78' lang='lat' dir='ltr'><strong>objicem.</strong></span> <span class='ocrx_word' id='word_1_333' title='bbox 2435 3140 2709 3201; x_wconf 71' lang='lat' dir='ltr'><strong>—Saeve‘or,</strong></span> <span class='ocrx_word' id='word_1_334' title='bbox 2723 3135 2956 3206; x_wconf 79' lang='lat' dir='ltr'><strong>rapidior.</strong></span> 
     </span>
     <span class='ocr_line' id='line_1_58' title="bbox 1951 3219 2953 3289; baseline -0.001 -19"><span class='ocrx_word' id='word_1_335' title='bbox 1951 3220 2047 3273; x_wconf 75' lang='lat' dir='ltr'><strong>vis</strong></span> <span class='ocrx_word' id='word_1_336' title='bbox 2086 3238 2345 3289; x_wconf 85' lang='lat' dir='ltr'><strong>aquarum</strong></span> <span class='ocrx_word' id='word_1_337' title='bbox 2387 3237 2513 3273; x_wconf 85' lang='lat' dir='ltr'><strong>cum</strong></span> <span class='ocrx_word' id='word_1_338' title='bbox 2561 3223 2643 3271; x_wconf 76' lang='lat' dir='ltr'><strong>im</strong></span> <span class='ocrx_word' id='word_1_339' title='bbox 2675 3229 2733 3272; x_wconf 81' lang='lat' dir='ltr'><strong>et</strong></span> <span class='ocrx_word' id='word_1_340' title='bbox 2770 3219 2953 3271; x_wconf 66' lang='lat' dir='ltr'><strong>sevitia</strong></span> 
     </span>
     <span class='ocr_line' id='line_1_59' title="bbox 1949 3310 2298 3369; baseline 0.003 -17"><span class='ocrx_word' id='word_1_341' title='bbox 1949 3310 2298 3369; x_wconf 85' lang='lat' dir='ltr'><strong>comparatur.</strong></span> 
     </span>
    </p>

    <p class='ocr_par' dir='ltr' id='par_1_17' title="bbox 1945 3375 2955 4388">
     <span class='ocr_line' id='line_1_60' title="bbox 2016 3375 2951 3452; baseline -0.007 -18"><span class='ocrx_word' id='word_1_342' title='bbox 2016 3384 2130 3452; x_wconf 80' lang='lat'>57²·</span> <span class='ocrx_word' id='word_1_343' title='bbox 2159 3383 2429 3434; x_wconf 73' lang='lat' dir='ltr'><strong>Cmntaete’.</strong></span> <span class='ocrx_word' id='word_1_344' title='bbox 2451 3376 2612 3448; x_wconf 83' lang='lat' dir='ltr'><strong>Apud</strong></span> <span class='ocrx_word' id='word_1_345' title='bbox 2635 3376 2821 3446; x_wconf 73' lang='lat' dir='ltr'><strong>Eun-ip.</strong></span> <span class='ocrx_word' id='word_1_346' title='bbox 2836 3375 2924 3441; x_wconf 74' lang='grc'><strong>434</strong></span> <span class='ocrx_word' id='word_1_347' title='bbox 2935 3410 2951 3438; x_wconf 88' lang='grc'>,</span> 
     </span>
     <span class='ocr_line' id='line_1_61' title="bbox 1949 3456 2953 3530; baseline -0.007 -14"><span class='ocrx_word' id='word_1_348' title='bbox 1949 3482 2005 3516; x_wconf 84' lang='lat' dir='ltr'><strong>se</strong></span> <span class='ocrx_word' id='word_1_349' title='bbox 2037 3460 2221 3515; x_wconf 78' lang='lat' dir='ltr'><strong>vinciri</strong></span> <span class='ocrx_word' id='word_1_350' title='bbox 2248 3460 2479 3530; x_wconf 84' lang='lat' dir='ltr'><strong>patitur,</strong></span> <span class='ocrx_word' id='word_1_351' title='bbox 2515 3456 2608 3513; x_wconf 89' lang='lat' dir='ltr'><strong>sed</strong></span> <span class='ocrx_word' id='word_1_352' title='bbox 2644 3458 2718 3511; x_wconf 86' lang='lat' dir='ltr'><strong>ibi</strong></span> <span class='ocrx_word' id='word_1_353' title='bbox 2757 3472 2953 3526; x_wconf 77' lang='lat' dir='ltr'><strong>qnoque</strong></span> 
     </span>
     <span class='ocr_line' id='line_1_62' title="bbox 1948 3536 2954 3601; baseline -0.007 -6"><span class='ocrx_word' id='word_1_354' title='bbox 1948 3541 2197 3595; x_wconf 87' lang='lat' dir='ltr'><strong>comitem</strong></span> <span class='ocrx_word' id='word_1_355' title='bbox 2241 3559 2297 3593; x_wconf 77' lang='lat' dir='ltr'><strong>se</strong></span> <span class='ocrx_word' id='word_1_356' title='bbox 2348 3537 2540 3601; x_wconf 65' lang='lat' dir='ltr'><strong>Bacchi</strong></span> <span class='ocrx_word' id='word_1_357' title='bbox 2581 3536 2854 3590; x_wconf 84' lang='lat' dir='ltr'><strong>mentitur.</strong></span> <span class='ocrx_word' id='word_1_358' title='bbox 2895 3558 2954 3573; x_wconf 93' lang='lat'><strong>-·</strong></span> 
     </span>
     <span class='ocr_line' id='line_1_63' title="bbox 1953 3611 2954 3679; baseline -0.006 -9"><span class='ocrx_word' id='word_1_359' title='bbox 1953 3619 2248 3679; x_wconf 61' lang='lat' dir='ltr'><strong>cruentam</strong></span> <span class='ocrx_word' id='word_1_360' title='bbox 2310 3613 2571 3668; x_wconf 78' lang='lat' dir='ltr'><strong>vulnerati</strong></span> <span class='ocrx_word' id='word_1_361' title='bbox 2615 3633 2645 3667; x_wconf 88' lang='lat' dir='ltr'><strong>a</strong></span> <span class='ocrx_word' id='word_1_362' title='bbox 2691 3611 2954 3667; x_wconf 65' lang='lat' dir='ltr'><strong>comitibus</strong></span> 
     </span>
     <span class='ocr_line' id='line_1_64' title="bbox 1949 3688 2955 3762; baseline -0.008 -13"><span class='ocrx_word' id='word_1_363' title='bbox 1949 3694 2174 3762; x_wconf 86' lang='lat' dir='ltr'><strong>Bacchi,</strong></span> <span class='ocrx_word' id='word_1_364' title='bbox 2213 3694 2341 3748; x_wconf 85' lang='lat' dir='ltr'><strong>dum</strong></span> <span class='ocrx_word' id='word_1_365' title='bbox 2368 3692 2639 3747; x_wconf 83' lang='lat' dir='ltr'><strong>Bacchum</strong></span> <span class='ocrx_word' id='word_1_366' title='bbox 2661 3702 2717 3744; x_wconf 86' lang='lat' dir='ltr'><strong>et</strong></span> <span class='ocrx_word' id='word_1_367' title='bbox 2740 3688 2955 3744; x_wconf 75' lang='lat' dir='ltr'><strong>Bacchas</strong></span> 
     </span>
     <span class='ocr_line' id='line_1_65' title="bbox 1947 3770 2955 3845; baseline -0.007 -18"><span class='ocrx_word' id='word_1_368' title='bbox 1947 3772 2277 3845; x_wconf 84' lang='lat' dir='ltr'><strong>prehendere</strong></span> <span class='ocrx_word' id='word_1_369' title='bbox 2301 3780 2585 3826; x_wconf 82' lang='lat' dir='ltr'><strong>tentarent.</strong></span> <span class='ocrx_word' id='word_1_370' title='bbox 2608 3771 2796 3822; x_wconf 67' lang='lat' dir='ltr'><strong>ffl—</strong></span> <span class='ocrx_word' id='word_1_371' title='bbox 2816 3770 2955 3833; x_wconf 70' lang='lat' dir='ltr'><strong>Que-</strong></span> 
     </span>
     <span class='ocr_line' id='line_1_66' title="bbox 1946 3847 2955 3921; baseline -0.01 -15"><span class='ocrx_word' id='word_1_372' title='bbox 1946 3856 2082 3906; x_wconf 75' lang='lat' dir='ltr'><strong>reate&#39;</strong></span> <span class='ocrx_word' id='word_1_373' title='bbox 2095 3854 2331 3913; x_wconf 64' lang='grc' dir='ltr'><strong>Δοιιίκος</strong></span> <span class='ocrx_word' id='word_1_374' title='bbox 2358 3861 2603 3921; x_wconf 78' lang='lat' dir='ltr'><strong>tyranno.</strong></span> <span class='ocrx_word' id='word_1_375' title='bbox 2620 3849 2725 3900; x_wconf 71' lang='lat' dir='ltr'><strong>Ed.</strong></span> <span class='ocrx_word' id='word_1_376' title='bbox 2748 3874 2815 3887; x_wconf 91' lang='lat'><strong>-·-</strong></span> <span class='ocrx_word' id='word_1_377' title='bbox 2828 3847 2955 3898; x_wconf 75' lang='lat' dir='ltr'><strong>Bac-</strong></span> 
     </span>
     <span class='ocr_line' id='line_1_67' title="bbox 1948 3924 2953 3993; baseline -0.006 -12"><span class='ocrx_word' id='word_1_378' title='bbox 1948 3931 2095 3981; x_wconf 79' lang='lat' dir='ltr'><strong>chum</strong></span> <span class='ocrx_word' id='word_1_379' title='bbox 2108 3932 2296 3980; x_wconf 62' lang='lat' dir='ltr'><strong>wilekse</strong></span> <span class='ocrx_word' id='word_1_380' title='bbox 2303 3933 2558 3993; x_wconf 62' lang='lat' dir='ltr'><strong>negarunt.</strong></span> <span class='ocrx_word' id='word_1_381' title='bbox 2567 3924 2778 3979; x_wconf 83' lang='lat' dir='ltr'><strong>Famuli</strong></span> <span class='ocrx_word' id='word_1_382' title='bbox 2788 3935 2953 3977; x_wconf 73' lang='lat' dir='ltr'><strong>tamen</strong></span> 
     </span>
     <span class='ocr_line' id='line_1_68' title="bbox 1949 4004 2951 4075; baseline -0.005 -15"><span class='ocrx_word' id='word_1_383' title='bbox 1949 4008 2004 4060; x_wconf 91' lang='lat' dir='ltr'><strong>in</strong></span> <span class='ocrx_word' id='word_1_384' title='bbox 2024 4006 2241 4061; x_wconf 85' lang='lat' dir='ltr'><strong>Bacchis</strong></span> <span class='ocrx_word' id='word_1_385' title='bbox 2258 4005 2521 4075; x_wconf 86' lang='lat' dir='ltr'><strong>Euripidis</strong></span> <span class='ocrx_word' id='word_1_386' title='bbox 2552 4025 2566 4059; x_wconf 79' lang='lat' dir='ltr'>z</span> <span class='ocrx_word' id='word_1_387' title='bbox 2592 4014 2758 4060; x_wconf 63' lang='grc' dir='ltr'><strong>Πενθεῦ</strong></span> <span class='ocrx_word' id='word_1_388' title='bbox 2773 4042 2790 4069; x_wconf 83' lang='grc'><em>,</em></span> <span class='ocrx_word' id='word_1_389' title='bbox 2810 4004 2951 4070; x_wconf 73' lang='lat' dir='ltr'><strong>nipe-</strong></span> 
     </span>
     <span class='ocr_line' id='line_1_69' title="bbox 1949 4074 2951 4159; baseline -0.007 -18"><span class='ocrx_word' id='word_1_390' title='bbox 1949 4110 2097 4153; x_wconf 75' lang='grc' dir='ltr'><strong><em>σμεν,</em></strong></span> <span class='ocrx_word' id='word_1_391' title='bbox 2134 4084 2266 4147; x_wconf 63' lang='grc' dir='ltr'><strong><em>τήνδ’</em></strong></span> <span class='ocrx_word' id='word_1_392' title='bbox 2312 4088 2452 4159; x_wconf 62' lang='grc' dir='ltr'>ἄγραν</span> <span class='ocrx_word' id='word_1_393' title='bbox 2494 4088 2752 4152; x_wconf 70' lang='grc' dir='ltr'><strong><em>ἦγριυκὲτες</em></strong></span> <span class='ocrx_word' id='word_1_394' title='bbox 2782 4074 2868 4151; x_wconf 52' lang='grc' dir='ltr'><strong>ἐφ’</strong></span> <span class='ocrx_word' id='word_1_395' title='bbox 2903 4084 2951 4141; x_wconf 66' lang='grc' dir='ltr'><strong>ἦν</strong></span> 
     </span>
     <span class='ocr_line' id='line_1_70' title="bbox 1947 4158 2951 4233; baseline -0.008 -16"><span class='ocrx_word' id='word_1_396' title='bbox 1947 4168 2152 4233; x_wconf 69' lang='grc' dir='ltr'><strong>ῒκιμψας</strong></span> <span class='ocrx_word' id='word_1_397' title='bbox 2168 4173 2266 4216; x_wconf 85' lang='lat' dir='ltr'><strong>etc.</strong></span> <span class='ocrx_word' id='word_1_398' title='bbox 2291 4162 2472 4230; x_wconf 79' lang='lat' dir='ltr'><strong>Ipsum</strong></span> <span class='ocrx_word' id='word_1_399' title='bbox 2490 4160 2810 4215; x_wconf 79' lang='lat' dir='ltr'><strong>adducentes</strong></span> <span class='ocrx_word' id='word_1_400' title='bbox 2832 4158 2951 4211; x_wconf 74' lang='lat' dir='ltr'><strong>Bac·</strong></span> 
     </span>
     <span class='ocr_line' id='line_1_71' title="bbox 1947 4232 2951 4309; baseline -0.011 -14"><span class='ocrx_word' id='word_1_401' title='bbox 1947 4240 2144 4307; x_wconf 85' lang='lat' dir='ltr'><strong>chum,</strong></span> <span class='ocrx_word' id='word_1_402' title='bbox 2187 4258 2349 4309; x_wconf 87' lang='lat' dir='ltr'><strong>quem</strong></span> <span class='ocrx_word' id='word_1_403' title='bbox 2388 4240 2582 4292; x_wconf 79' lang='lat' dir='ltr'><strong>Noster</strong></span> <span class='ocrx_word' id='word_1_404' title='bbox 2626 4238 2823 4291; x_wconf 78' lang='lat' dir='ltr'><strong>Acoetae</strong></span> <span class='ocrx_word' id='word_1_405' title='bbox 2862 4232 2951 4286; x_wconf 80' lang='lat' dir='ltr'><strong>suh</strong></span> 
     </span>
     <span class='ocr_line' id='line_1_72' title="bbox 1945 4315 2953 4388; baseline -0.005 -17"><span class='ocrx_word' id='word_1_406' title='bbox 1945 4318 2175 4388; x_wconf 80' lang='lat' dir='ltr'><strong>imagine</strong></span> <span class='ocrx_word' id='word_1_407' title='bbox 2212 4316 2413 4371; x_wconf 85' lang='lat' dir='ltr'><strong>inducit</strong></span> <span class='ocrx_word' id='word_1_408' title='bbox 2449 4315 2721 4371; x_wconf 85' lang='lat' dir='ltr'><strong>latentem.</strong></span> <span class='ocrx_word' id='word_1_409' title='bbox 2760 4315 2858 4368; x_wconf 76' lang='lat' dir='ltr'><strong>Ed.</strong></span> <span class='ocrx_word' id='word_1_410' title='bbox 2890 4335 2953 4355; x_wconf 57' lang='lat'><strong>-2</strong></span> 
     </span>
    </p>
   </div>
   <div class='ocr_carea' id='block_1_8' title="bbox 3149 3516 3153 4244">
    <p class='ocr_par' dir='ltr' id='par_1_18' title="bbox 3149 3516 3153 4244">
     <span class='ocr_line' id='line_1_73' title="bbox 3149 3516 3153 4244; baseline 0 0"><span class='ocrx_word' id='word_1_411' title='bbox 3149 3516 3153 4244; x_wconf 95' lang='lat' dir='ltr'><strong> </strong></span> 
     </span>
    </p>
   </div>
  </div>
 </body>
</html>
