3217 5134
800 541 919 587 112

1389 521 1470 587 P.
1519 521 1878 593 OVIDII
1929 519 2375 592 NASONIS

798 692 836 727 2>
870 660 1023 733 Vox
1057 675 1249 735 canet
1270 715 1289 750 ‚
1322 676 1392 735 et
1423 658 1663 759 longas
1694 663 1912 737 visent
1946 661 2279 765 Capitolia
2313 689 2615 769 pompas.

799 810 835 850 zv
875 776 1199 853 Postibus
1230 777 1560 875 Augustis
1592 778 1819 854 eadem
1847 779 2168 855 fidissima
2201 799 2429 856 custos

799 925 836 958 »
877 894 1055 967 Ante
1081 891 1259 967 fores
1291 892 1543 980 stabis;
1581 893 2000 996 mediamque
2036 895 2305 970 tuebere
2340 924 2678 997 quercum.

800 1041 838 1074 »
877 1010 1104 1109 thue
1135 1036 1358 1082 meum
1391 1007 1684 1083 intonsis
1711 1026 1914 1111 caput
1944 1027 2047 1083 est
2068 1009 2359 1109 juvenile
2388 1009 2688 1111 capillis;
2756 1055 2761 1064 ·

799 1158 834 1192 n
871 1126 980 1199 Tu
1003 1153 1276 1226 quoque
1294 1142 1664 1226 perpetuos
1680 1115 2118 1228 semper'gere
2140 1126 2401 1202 frondis
2425 1128 2739 1204 honores.
2775 1162 2812 1196 ι)
2838 1152 2938 1206 565

789 1240 1083 1316 Finierat
1115 1242 1331 1315 Paean.
1367 1240 1589 1316 Factis
1611 1240 1817 1315 modo
1850 1244 2104 1316 Laurea
2135 1242 2338 1316 ramis

791 1437 986 1509 Apollo
1002 1437 1060 1491 in
1075 1436 1339 1492 honorem
1357 1438 1726 1493 Romanorum
1744 1449 1817 1493 at·

791 1535 895 1586 que
920 1516 1183 1587 Augusti:
1218 1515 1272 1569 h.
1307 1536 1354 1570 e.
1387 1528 1542 1586 poeta
1574 1516 1819 1571 adulatur

787 1595 987 1650 civibus
1012 1594 1118 1649 suis
1141 1604 1299 1663 atque
1325 1596 1580 1666 Augusto.
1613 1595 1817 1649 Laurus

791 1672 930 1744 apud
958 1673 1231 1728 Romanos
1254 1672 1458 1741 insigne
1485 1682 1600 1727 erat
1626 1683 1682 1727 et
1706 1672 1819 1728 vic-

791 1750 942 1806 torie
976 1748 1148 1821 (unde
1171 1753 1345 1804 laurus
1367 1769 1466 1821 pro
1496 1751 1605 1821 ipsa
1637 1749 1816 1804 victo-

788 1831 868 1883 ria
893 1830 1169 1901 ponitur),
1193 1840 1250 1884 et
1273 1830 1557 1901 triumphi3
1582 1849 1815 1901 namque

790 1918 910 1979 post
932 1909 1270 1979 impetratam
1290 1909 1564 1964 victoriam
1588 1909 1817 1980 impera-

790 1995 972 2042 torum
994 1986 1159 2042 litere
1181 1999 1235 2041 et
1257 1988 1418 2042 fasces
1436 2028 1453 2055 ,
1478 1987 1814 2059 militumque

787 2066 983 2121 lancee
1030 2076 1088 2120 et
1131 2067 1238 2137 pila
1278 2067 1428 2121 lauro
1472 2069 1813 2124 ornabantur.

791 2142 926 2199 Inde
949 2162 1111 2214 porro
1134 2163 1164 2198 a
1187 2154 1428 2215 tempore
1455 2144 1674 2200 Gnatis
1696 2147 1813 2199 im·-

787 2232 1058 2292 peratores
1117 2222 1504 2293 triumphantes
1557 2243 1813 2279 coronam

787 2300 1024 2354 lauream
1049 2301 1217 2370 capite
1242 2303 1495 2372 gerebant
1512 2342 1529 2369 ‚
1558 2322 1812 2357 ramum-

789 2398 892 2449 que
917 2378 1159 2432 laureum
1184 2398 1350 2434 manu
1372 2381 1662 2454 tenebant:
1691 2382 1811 2436 vide

788 2457 927 2511 Plin.
963 2456 1037 2511 Η.
1070 2457 1141 2511 Ν.
1178 2455 1321 2525 XV,
1361 2460 1429 2512 30
1458 2481 1473 2523 ς
1521 2460 1613 2514 ubi
1651 2461 1813 2514 etiam

786 2554 956 2590 causae
983 2548 1473 2591 commemorantur
1495 2537 1654 2607 huius
1678 2539 1811 2593 tanti

787 2613 1005 2684 honoris
1024 2612 1172 2667 lauro
1195 2613 1374 2667 habiti.
1388 2642 1455 2655 —
1470 2615 1671 2679 Latiis,
1695 2616 1812 2669 La-

785 2691 935 2747 tinis:
955 2690 1074 2745 vide
1096 2691 1284 2746 Heius.
1296 2718 1366 2732 -·
1378 2693 1548 2747 Latiis·
1564 2713 1661 2763 pro
1680 2699 1814 2750 letes

785 2773 1040 2829 debemus
1064 2773 1274 2828 Heinsii
1298 2774 1528 2845 ingenio.
1544 2802 1610 2814 —
1637 2774 1812 2846 codd.

783 2853 952 2906 nostri
964 2893 979 2919 ‚
993 2857 1141 2906 letis.
1153 2881 1220 2893 -
1233 2856 1418 2914 aderit,
1437 2871 1627 2906 eorum
1645 2855 1813 2923 capita

786 2942 842 2985 et
879 2950 1071 2985 manus
1104 2929 1327 2984 ornabis.
1363 2930 1444 2984 lta
1479 2934 1686 2995 adesse,
1726 2932 1807 2995 X,

789 3012 880 3077 142
895 3050 910 3076 ‚
934 3009 999 3063 de
1024 3028 1273 3079 cupressu
1296 3028 1309 3062 :
1333 3013 1502 3063 aderis
1511 3013 1811 3078 lugentibus.

855 3088 970 3141 561.
1011 3089 1218 3154 longas
1248 3106 1478 3155 pompas.
1522 3088 1712 3143 Heius.
1750 3110 1814 3143 ex

786 3164 992 3218 duobus
1009 3165 1116 3218 suis
1132 3204 1148 3226 .
1172 3164 1422 3234 scaligeri
1441 3186 1500 3219 ac
1524 3167 1704 3220 Jureti
1725 3188 1812 3221 ex-

782 3241 974 3312 cerptis
996 3253 1049 3297 et
1070 3240 1266 3296 Graevii
1297 3241 1459 3309 cod„
1484 3248 1644 3311 longe
1658 3265 1811 3313 pom-

773 3341 872 3388 pe.
900 3321 1013 3374 Nec
1040 3318 1277 3389 displicet
1301 3320 1349 3372 ei
1389 3323 1575 3374 ducent
1594 3341 1811 3390 pompas

780 3417 904 3453 cum
923 3397 1324 3453 Bai-beriniano.
1349 3397 1591 3451 Francos.
1607 3438 1623 3465 ,
1653 3403 1808 3466 longa

768 3496 985 3545 pompa,
1014 3495 1124 3529 non
1158 3474 1491 3545 improbante
1526 3476 1713 3530 Burm.
1740 3505 1809 3520 —-

779 3554 1020 3610 Currum
1032 3553 1404 3625 triumphantis
1412 3556 1682 3611 anteibant
1692 3577 1805 3629 cap-

773 3634 868 3687 tivi
888 3644 943 3687 et
959 3654 1042 3688 res
1063 3634 1200 3688 bello
1223 3645 1418 3703 captam
1444 3635 1806 3703 sequebantur

773 3711 967 3765 milites
985 3751 1000 3778 ,
1027 3711 1154 3765 binc
1172 3715 1334 3778 longe
1348 3731 1565 3779 pompoe.
1603 3711 1804 3767 Milites

776 3811 970 3862 magna
1014 3803 1068 3844 et
1100 3795 1219 3843 Iaeta
1251 3811 1377 3844 voce
1416 3795 1669 3845 canebant
1687 3832 1702 3858 ‚
1742 3794 1804 3846 Io

774 3867 1060 3939 triumphe!
1078 3869 1285 3923 Urbem
1301 3869 1536 3939 ingressi,
1554 3868 1805 3938 petebant

772 3966 869 4017 per
893 3947 1032 4002 viam
1055 3965 1254 4001 sacram
1284 3947 1586 4013 Capitolium
1602 3985 1617 4007 ,
1646 3955 1705 3998 ut
1731 3941 1803 3998 ibi

773 4023 967 4079 hostias
1002 4035 1296 4080 mactarent
1310 4064 1323 4092 ,
1365 4023 1596 4094 ,Iovique
1609 4016 1614 4019 Δ
1628 4022 1802 4093 Capi—

771 4105 940 4158 tolino
965 4117 1085 4159 vota
1105 4105 1498 4175 persolverent:
1534 4102 1653 4156 vide
1682 4102 1763 4157 lv
1781 4143 1799 4171 ,

772 4182 933 4236 Trist.
959 4183 1043 4248 11,
1080 4189 1134 4238 51
1156 4203 1297 4254 sqq.;
1318 4183 1508 4237 Horat.
1540 4182 1710 4253 Epod.
1730 4202 1765 4254 9
1780 4205 1797 4247 ς

768 4255 965 4313 Tibull.
984 4260 1060 4328 11,
1085 4259 1119 4314 6
1135 4280 1152 4326 3
1168 4257 1385 4328 Joseph.
1407 4259 1471 4313 B.
1495 4258 1625 4312 Jud.
1650 4257 1759 4313 vu
1775 4296 1792 4326 ,

1918 1441 2069 1495 18.—
2085 1442 2343 1508 Capitolia
2363 1444 2751 1509 wsentpompas
2774 1441 2935 1514 magis

1913 1519 2182 1588 poeticum
2225 1518 2357 1573 mihi
2408 1519 2683 1573 videbatur
2700 1558 2717 1586 ,
2775 1539 2934 1590 quam

1912 1599 2137 1651 alterum
2157 1637 2173 1666 ,
2208 1617 2412 1667 pompa
2438 1605 2607 1652 w’seaet
2644 1601 2936 1667 capitatas,-

1911 1672 2086 1743 itaque
2100 1675 2229 1728 illud
2239 1675 2491 1729 revocavi.
2509 1676 2649 1729 Ptin.
2670 1677 2802 1731 Pan.
2813 1691 2928 1743 ΧΠ,

1911 1753 1942 1805 3
1964 1755 2235 1821 :Accipiet
2258 1757 2560 1822 Capitolium
2584 1775 2684 1808 aon
2708 1759 2935 1809 m‘aicos

1909 1851 2083 1885 cums
2101 1873 2115 1894 ,
2150 1838 2250 1886 sed
2263 1839 2605 1902 [mactarent
2627 1845 2729 1890 etc.

1978 1911 2090 1964 ⁵62.
2115 1914 2358 1965 Postibus
2377 1914 2631 1981 Augustas
2646 1925 2745 1968 etc.
2763 1914 2932 1985 Supra

1912 1987 2052 2041 sores
2079 1988 2263 2042 Palatii
2294 1989 2454 2043 civica
2479 2009 2507 2043 e
2541 2010 2721 2059 quercu
2739 2010 2932 2045 corona

1907 2084 2159 2135 suspensa
2170 2079 2285 2122 erat
2302 2109 2316 2131 ,
2340 2068 2477 2122 etad
2496 2079 2785 2140 utrumque
2802 2070 2930 2124 latus

1907 2147 2084 2197 laurus
2117 2145 2284 2200 stabat
2303 2185 2318 2212 ,
2361 2147 2691 2215 triumphalis
2734 2148 2890 2201 arbor
2914 2169 2927 2201 :

1911 2221 2048 2276 Fast.
2066 2224 2147 2277 lv
2167 2263 2183 2292 ,
2203 2226 2327 2297 593;
2349 2224 2433 2279 ΙΙΙ
2447 2265 2464 2293 ,
2490 2225 2650 2280 Trist.
2672 2243 2719 2294 1,
2745 2227 2927 2295 35-48,

1909 2302 1998 2356 ubi
2016 2303 2191 2373 plures
2209 2303 2320 2372 ejus
2341 2303 2557 2359 honoris
2574 2323 2759 2359 causae.
2778 2306 2929 2359 Eam·

1912 2380 2039 2436 dem
2069 2382 2313 2435 arborem
2346 2392 2401 2435 et
2434 2381 2606 2437 Graeci
2640 2395 2762 2437 ante
2796 2385 2929 2437 sores

1907 2458 2230 2513 collocabant
2242 2478 2254 2511 :
2270 2458 2499 2532 Hesycb.
2508 2460 2561 2513 in
2572 2460 2929 2529 ΚώμυθαΡΙίῃ.

1909 2535 1984 2590 Η.
2019 2536 2084 2589 N.
2118 2542 2210 2603 15,
2236 2537 2303 2589 3o
2336 2538 2442 2606 sqq.
2468 2537 2580 2609 39:
2621 2540 2824 2591 laurus
2855 2541 2936 2592 ve!

1902 2620 2198 2684 gratesse'ma
2218 2616 2474 2678 domibus,
2492 2616 2721 2682 janitrix
2746 2619 2927 2671 Cesa-

1905 2716 2013 2749 rm
2046 2698 2438 2766 Pontfficumque
2469 2716 2486 2748 .·
2523 2699 2637 2748 sola
2671 2703 2725 2748 et
2756 2700 2929 2749 domos

1908 2780 2124 2827 exornat
2137 2814 2151 2834 ‚
2181 2780 2236 2826 et
2254 2780 2374 2826 ante
2394 2777 2576 2827 It’aene'na
2594 2777 2827 2828 excubat.
2854 2775 2929 2829 Ut

1907 2849 1979 2903 ibi
2005 2853 2253 2903 excubare
2268 2890 2284 2911 ,
2333 2849 2408 2903 sic
2438 2849 2522 2903 hic
2549 2856 2733 2904 custos.

1975 2927 2086 2982 563.
2126 2929 2280 2981 Tueri
2286 2927 2585 2997 exquisitius
2601 2947 2763 2997 quam
2780 2967 2796 2996 ,
2822 2927 2925 2981 ha-

1906 3003 2050 3058 bere.

1973 3083 2087 3136 565.
2131 3086 2346 3136 Frondes
2389 3086 2617 3137 honores.
2662 3083 2789 3136 Jam
2836 3102 2920 3136 ar·-

1904 3161 2045 3215 boris
2076 3172 2320 3215 naturam
2352 3183 2414 3215 ex
2437 3161 2623 3234 mytho
2654 3161 2923 3232 ingeniose

1905 3241 2111 3310 repetit.
2146 3240 2291 3294 Folia
2316 3239 2417 3294 dici
2447 3239 2620 3295 solent
2640 3260 2805 3294 comae
2830 3259 2924 3293 ar·-

1902 3318 2095 3394 borum
2125 3340 2140 3384 ς
2182 3319 2273 3372 sed
2315 3340 2462 3373 nunc
2505 3319 2590 3374 illa
2626 3320 2925 3390 exquisitius

1903 3407 2058 3466 poeta
2076 3397 2480 3451 circumlocutus
2496 3397 2824 3466 est,srond125
2843 3401 2925 3451 ko-

1902 3493 2074 3538 nom,
2118 3484 2177 3527 ut
2200 3474 2429 3528 Martial.
2462 3476 2541 3529 lx
2559 3514 2574 3542 ,
2617 3474 2796 3545 Epigr.
2820 3477 2883 3528 (ia
2904 3513 2922 3541 ,

1903 3571 1965 3605 ex
1988 3550 2040 3603 h.
2065 3551 2098 3604 l.
2126 3570 2139 3604 :
2162 3554 2434 3619 Perpetuos
2450 3572 2649 3620 sperare
2681 3557 2805 3606 ticet
2831 3556 2932 3604 tibi

1888 3627 2102 3695 frondis
2124 3630 2346 3681 honores.
2392 3629 2609 3684 Auctor.
2642 3626 2823 3682 Carm.
2857 3628 2925 3682 de

1901 3706 2148 3761 Phoenice
2166 3747 2181 3773 ‚
2207 3727 2340 3761 vers.
2370 3729 2463 3762 ro:
2492 3711 2661 3761 Lucus
2674 3715 2927 3776 perpetue

1884 3787 2096 3854 frondis
2105 3789 2288 3839 honore
2297 3792 2477 3840 virens.
2490 3785 2926 3856 Praeiveratvirg.

1900 3860 2095 3932 Georg.
2136 3863 2190 3916 11
2206 3902 2222 3930 ‚
2265 3865 2362 3930 405
2388 3882 2400 3914 :
2426 3865 2661 3930 Frigidus
2692 3869 2747 3913 et
2781 3866 2928 3915 silves

1894 3944 2068 4010 aquilo
2098 3932 2322 3993 decus-51?
2367 3943 2610 3993 honorem.

1965 4021 2077 4074 556.
2096 4024 2254 4074 Paean
2266 4061 2279 4084 ,
2313 4021 2504 4090 Apollo
2526 4040 2555 4074 a
2572 4039 2741 4091 graeco
2766 4028 2888 4076 παίω
2903 4059 2921 4088 ,

1895 4098 1930 4151 i.
1946 4119 1991 4152 e.
2006 4104 2242 4175 &span-edm
2258 4138 2273 4165 ,
2294 4118 2436 4151 sano.
2460 4097 2633 4153 Schol.
2653 4097 2923 4167 Aristopb.
2986 4131 3001 4146 .

1896 4179 1961 4232 ad
1974 4181 2113 4233 Plut.
2132 4179 2312 4233 636.-
2323 4179 2455 4233 Scal.
2474 4181 2626 4233 Poet.
2641 4180 2731 4250 lib,
2749 4179 2921 4249 l,cap.

1896 4274 2040 4311 xxln
2052 4278 2064 4311 ε
2077 4280 2105 4306 (ι
2120 4257 2441 4312 Acclamatio
2452 4257 2571 4326 suit,
2589 4264 2628 4313 ἵε
2642 4270 2743 4326 καῖ,
2764 4265 2801 4312 ἴε
2817 4269 2919 4324 xxi,
