3217 5134
715 528 799 619 78

1256 523 1337 589 P.
1402 524 1770 592 OVIDII
1822 521 2299 596 NASONIS

716 699 754 730 »
791 667 875 738 In
907 662 1163 737 facinus
1190 659 1444 761 jurasse
1475 679 1715 762 putes:
1746 661 1909 736 dent
1942 663 2133 738 ocius
2164 693 2393 739 omnes
2420 723 2438 756 ‚

721 814 758 848 »
799 784 991 878 Quas
1022 806 1316 855 metuere
1344 778 1487 880 pati
1519 778 1659 875 (sic
1691 797 1825 854 stat
1854 782 2229 876 sententia)
2266 810 2514 884 poenaS.
2553 816 2589 848 »

804 896 1002 971 Dicta
1033 897 1078 969 J
1082 895 1225 969 ovis
1249 923 1406 997 pars
1431 924 1592 970 voce
1627 897 1923 998 probant
1942 955 1961 985 ‚
1996 899 2439 1001 stimulosque
2465 899 2714 976 furenti

710 1012 1090 1114 Adjiciunt3
1123 1010 1235 1086 alii
1264 1029 1486 1112 partes
1522 1012 1916 1089 adsensibus
1951 1015 2251 1118 implent.

2741 1039 2843 1109 245

709 1132 835 1203 Est
863 1146 1081 1204 tamen
1110 1128 1386 1202 humani
1421 1131 1681 1224 generis
1707 1132 1960 1230 jactura
1990 1129 2213 1208 dolori

714 1243 1053 1319 Omnibus
1082 1274 1097 1317 :
1134 1260 1231 1331 et,
1271 1273 1420 1344 quae
1450 1245 1539 1318 sit
1569 1262 1785 1335 terrae,
1823 1248 2220 1323 mortalibus
2250 1250 2465 1338 orbae,

707 1363 949 1435 Forma
980 1359 1236 1462 futura,
1269 1363 1564 1456 rogant?
1597 1363 1749 1463 quis
1784 1363 1874 1438 sit
1905 1364 2161 1441 laturus
2194 1366 2264 1440 in
2298 1395 2441 1441 aras

710 1479 944 1553 Tura?
976 1476 1217 1551 ferisne
1249 1496 1440 1579 paret
1468 1479 1888 1580 populandas
1922 1483 2178 1557 tradere
2207 1485 2466 1556 terras?

711 1593 900 1669 Talia
934 1612 1300 1696 quaerentes
1330 1595 1502 1692 (sibi
1541 1597 1719 1672 enim
1750 1597 1896 1672 fore
1928 1617 2141 1675 cetera
2169 1603 2392 1694 curae)

2744 1623 2846 1674 250

713 1714 860 1786 Rex
893 1713 1224 1815 Superum
1262 1712 1586 1813 trepidare
1619 1732 1828 1803 vetat,
1867 1715 2299 1847 sobolemque
2333 1716 2544 1840 priori

714 1828 1120 1903 Dissimilem
1150 1828 1408 1931 populo
1445 1827 1784 1931 promittit
1823 1830 2077 1926 origine
2110 1831 2295 1905 mira.

811 1954 896 2026 V.
936 1955 1218 2055 Jamque
1254 1971 1394 2029 erat
1424 1954 1496 2026 in
1529 1971 1708 2029 totas
1742 1983 2096 2056 sparsurus
2133 1954 2411 2030 fulmina
2448 1973 2698 2044 terras3

716 2180 935 2235 Eadem
972 2190 1100 2235 sunt
1133 2182 1330 2244 Furia,
1385 2182 1694 2234 Eumenida
1716 2222 1733 2246 ,

720 2262 987 2331 Brabnses.
1009 2260 1111 2311 Ed.

783 2338 895 2404 243.
923 2338 1041 2390 Sia!
1058 2340 1307 2390 sentent&
1325 2375 1340 2403 ,
1367 2346 1517 2391 certo
1539 2337 1737 2392 decre-

716 2425 836 2468 tum
859 2424 953 2468 est.
980 2413 1138 2483 Apud
1174 2414 1325 2485 Virg.
1345 2414 1471 2468 AEn.
1505 2416 1531 2469 1
1548 2453 1563 2481 ,
1600 2417 1696 2469 582
1718 2455 1737 2480 ,

719 2491 911 2547 eodem
935 2503 1089 2561 tropo
1106 2530 1122 2558 ‚
1147 2497 1313 2561 surgit
1324 2499 1592 2545 sententia.

788 2573 899 2637 244.
934 2573 1156 2623 Furenti.
1190 2569 1352 2624 Multi
1373 2570 1632 2638 frementi.
1668 2569 1741 2627 Et

721 2667 856 2719 ωερε
879 2648 992 2702 hec
1011 2646 1120 2700 duo
1143 2648 1359 2702 confusa
1380 2658 1505 2701 sunt
1526 2667 1556 2701 a
1579 2648 1740 2702 libra-

722 2729 813 2784 riis
830 2769 846 2797 ‚
884 2727 1077 2798 quippe
1109 2727 1297 2783 similia
1321 2738 1376 2783 et
1402 2728 1658 2798 scriptura
1685 2738 1741 2781 et

719 2808 789 2862 vi.
812 2809 1024 2862 Furenti
1036 2824 1159 2860 cum
1183 2804 1469 2859 Gebhardo
1496 2805 1657 2875 Crep.
1681 2806 1707 2859 1
1721 2845 1737 2872 ,

727 2908 819 2956 υ,
856 2886 1151 2941 Burmann.
1186 2885 1416 2956 praetulit
1435 2924 1452 2952 ,
1477 2886 1737 2953 maxime,

725 2966 845 3035 quia
871 2964 1135 3019 Gunther.
1159 2964 1230 3018 11.
1271 2964 1448 3035 Ligur.
1483 2983 1615 3036 270,
1650 2963 1740 3017 ubi

724 3044 778 3097 h.
813 3044 845 3097 l.
869 3043 1107 3098 imitatur
1125 3083 1141 3112 ,
1179 3043 1252 3097 ita
1275 3043 1415 3115 legit.
1450 3043 1530 3098 lbi
1553 3044 1699 3097 enim
1725 3062 1740 3097 ε

719 3129 942 3191 iramque
958 3123 1165 3190 furenti
1196 3125 1472 3193 Adja'ce'unt
1490 3165 1505 3187 ,
1549 3130 1741 3178 subu-

721 3206 892 3270 losque
907 3220 1097 3270 graves.
1112 3229 1179 3240 —
1191 3204 1404 3255 Parsm..
1424 3207 1549 3267 alii,
1582 3204 1744 3256 etiam

723 3280 908 3334 soluta
930 3279 1180 3334 orationis
1209 3280 1486 3350 scriptores
1523 3295 1704 3337 amant
1728 3304 1741 3338 :

727 3358 846 3414 vide
864 3355 1013 3412 Cort.
1028 3357 1094 3411 ad
1107 3357 1315 3412 Sallust.
1342 3357 1494 3413 Catil.
1511 3361 1595 3428 11,
1628 3381 1748 3415 1.—

738 3441 897 3501 Voce‚
924 3438 1160 3491 oratione
1183 3459 1198 3504 ς
1223 3437 1306 3490 alii
1330 3449 1514 3492 eontra
1538 3441 1746 3493 oratio-

728 3536 858 3572 nem
904 3516 1219 3572 habentibus
1260 3521 1606 3582 assentiuntur
1619 3559 1634 3581 ,
1688 3528 1748 3573 ut

730 3593 847 3648 fieri
865 3594 1063 3649 solebat
1075 3595 1131 3648 in
1148 3605 1335 3650 senatu
1356 3595 1603 3650 Romano
1620 3636 1637 3663 ‚
1656 3596 1748 3649 nbi

727 3672 916 3743 triplex
952 3672 1269 3730 assentiendi
1293 3673 1482 3728 modus
1502 3714 1516 3736 ,
1543 3673 1745 3740 verbis,

728 3762 868 3806 nutu
882 3761 936 3805 et
949 3752 1150 3805 sublata
1164 3770 1349 3820 manu,
1366 3752 1583 3820 pedibus
1601 3752 1746 3805 :vide

736 3829 886 3883 Cort.
909 3828 974 3883 ad
995 3829 1201 3886 Sallust.
1229 3829 1443 3885 Cauil.
1461 3870 1476 3898 ,
1504 3833 1749 3898 4—8112·

732 3913 895 3962 mulos
902 3907 1145 3976 adficere,
1163 3908 1327 3978 magis
1342 3908 1501 3962 etiam
1513 3909 1717 3963 irritare
1728 3948 1746 3975 ,

732 3986 1041 4056 metaphora
1063 4005 1093 4040 a
1114 3986 1283 4041 bubus
1301 3986 1474 4042 ducta.
1497 3989 1677 4040 strete
1694 3998 1750 4040 et

716 4064 873 4135 furor
893 4066 1103 4135 proprie
1127 4064 1194 4120 de
1216 4066 1360 4122 iratis
1384 4087 1396 4121 :
1421 4066 1540 4120 vide
1560 4067 1749 4120 Burm.

735 4141 844 4198 Sed
866 4162 968 4197 nec
989 4143 1075 4198 illa
1096 4145 1346 4212 irritatio,
1372 4165 1474 4200 nec
1489 4145 1716 4199 formula
1731 4184 1748 4212 ,

732 4241 838 4291 qua
850 4241 1085 4291 expressa
1098 4234 1177 4277 est
1192 4264 1208 4292 ‚
1235 4224 1356 4278 satis
1371 4224 1528 4295 digna
1539 4224 1753 4279 videtur

733 4300 880 4364 Jovis
908 4302 1194 4369 majestate.
1217 4330 1283 4346 -
1307 4305 1488 4359 Partes
1513 4306 1747 4372 abdant,

1833 2181 2037 2235 addunt
2050 2201 2107 2236 se
2124 2182 2355 2252 partibus
2370 2182 2484 2251 eius
2498 2182 2721 2237 adsensu
2734 2203 2846 2238 suo.

1834 2260 1941 2314 Sed
1955 2301 1970 2328 ,
1991 2271 2052 2314 ut
2067 2260 2129 2315 fit
2144 2300 2160 2328 ‚
2180 2271 2341 2314 restat
2357 2262 2629 2332 scrupulus
2643 2301 2659 2329 ,
2686 2283 2849 2334 quem

1832 2338 1928 2392 sibi
1946 2339 2188 2393 eximend
2196 2358 2286 2392 um
2303 2339 2422 2391 Jovi
2444 2353 2765 2411 proponunt.
2782 2369 2853 2383 —-

1833 2419 1938 2469 Est
1968 2423 2136 2469 lamen
2170 2419 2382 2470 humani
2406 2423 2603 2485 genere}
2616 2419 2849 2487 jactum.

1836 2492 2030 2547 Scribit
2042 2494 2194 2547 Plato
2210 2495 2390 2547 omnia
2404 2494 2683 2548 homimun
2699 2516 2853 2550 causa

1835 2582 2105 2641 procreata
2124 2594 2139 2635 ;
2173 2572 2416 2627 homines
2438 2585 2656 2644 propter
2671 2576 2816 2629 Deos
2832 2616 2849 2644 ,

1837 2660 1897 2703 ut
1918 2649 1974 2703 hi
2006 2662 2420 2721 cognoscantur,
2459 2653 2524 2705 ab
2550 2653 2624 2707 eis
2649 2655 2851 2725 implo-

1836 2738 2026 2782 rentur
2048 2740 2103 2782 et
2123 2730 2378 2784 colantur.
2401 2733 2501 2784 Ed.

1905 2808 2016 2873 248.
2053 2812 2180 2875 Quis
2205 2814 2281 2861 sil
2300 2813 2498 2862 Mutus
2527 2820 2626 2865 etc.
2662 2810 2857 2865 Priscis

1838 2885 2164 2954 temporibus
2195 2894 2309 2939 lum·
2347 2887 2591 2941 nondum
2622 2889 2857 2944 adhibe—

1838 2962 2034 3017 bantur
2065 2963 2122 3017 in
2158 2965 2350 3031 sacris,
2404 2967 2597 3037 quippe
2632 2968 2811 3039 ignota

1836 3043 1929 3098 sed
1952 3063 2139 3098 eorum
2157 3045 2404 3113 locosar:
2426 3046 2527 3099 vid.
2542 3048 2677 3102 Plin.
2696 3049 2767 3101 H.
2786 3050 2857 3104 N.

1839 3120 1979 3175 XIII
1992 3161 2007 3188 ‚
2031 3144 2050 3175 ι
2071 3144 2084 3187 ;
2100 3122 2356 3178 Arnob.c.
2367 3123 2568 3179 Gentes
2582 3165 2598 3192 ‚
2614 3126 2821 3180 lib.v11
2835 3166 2852 3193 ,

1837 3218 1888 3269 p.
1926 3201 2017 3253 231
2057 3220 2169 3270 sqq.
2202 3202 2386 3270 Itaque
2410 3201 2634 3257 Ovidius
2658 3204 2711 3257 h.
2735 3205 2767 3257 l.
2795 3215 2857 3258 ut

1838 3296 1972 3348 sepe
1993 3318 2008 3345 ,
2051 3299 2114 3331 ex
2136 3298 2287 3332 more
2318 3298 2425 3333 sue
2453 3281 2617 3335 etatis
2650 3281 2857 3336 locutus

1842 3366 1935 3409 est.
1970 3355 2192 3411 Phrases
2211 3356 2474 3412 solemnes
2502 3368 2625 3411 sunt
2646 3363 2771 3412 dare
2799 3371 2857 3414 et

1826 3435 1969 3504 firm
1990 3443 2074 3489 tus
2095 3457 2111 3490 .·
2135 3437 2238 3491 vid.
2261 3438 2493 3493 Erimon.
2515 3437 2580 3492 de
2602 3440 2780 3494 Form.
2800 3442 2857 3505 1,

1841 3519 2255 3665 Ρὲξθᾷζῗὶσνη.
2284 3598 2473 3650 Gentes
2493 3616 2592 3668 pro
2614 3605 2771 3650 terras
2794 3616 2859 3650 ex

1843 3674 1876 3738 4
1910 3672 2072 3727 MSS.
2107 3673 2253 3729 dedit
2305 3676 2491 3729 Burin.
2538 3677 2863 3730 probaverat

1843 3762 1897 3806 et
1932 3754 2248 3825 Zinzerling.
2279 3755 2539 3810 Promuls.
2573 3776 2653 3826 cp.
2688 3759 2767 3809 51.
2790 3782 2861 3798 --

1845 3832 2107 3886 Revocavi
2126 3841 2319 3902 terram
2343 3854 2454 3888 non
2479 3835 2624 3888 enim
2645 3833 2729 3887 bic
2745 3873 2762 3901 ,
2797 3845 2863 3889 ut

1843 3911 2028 3965 Burin.
2045 3914 2261 3982 putabat
2273 3953 2288 3980 ‚
2307 3914 2372 3968 de
2386 3933 2539 3983 poena
2554 3933 2731 3968 senno
2745 3925 2828 3969 est
2839 3953 2858 3982 ,

1846 4009 1948 4059 qua
1962 3999 2115 4058 pam!
2133 3992 2166 4045 i.
2181 3992 2367 4045 e.velit
2378 3991 2672 4048 humanum
2693 4012 2861 4063 genus

1845 4068 2066 4139 perdere
2087 4092 2100 4135 ;
2125 4070 2215 4124 sed
2238 4109 2254 4134 ‚
2278 4089 2398 4139 quae
2420 4072 2590 4124 forma
2612 4079 2752 4124 teme
2770 4072 2865 4124 su·-

1846 4158 1965 4201 tura
1985 4148 2051 4201 sit
2072 4188 2086 4214 ,
2111 4150 2390 4217 quaritur,
2419 4148 2602 4203 deletis
2625 4148 2861 4202 homini-

1846 4225 1959 4280 bus.
1979 4255 2048 4278 -v
2076 4229 2368 4295 Trepidam,
2401 4228 2643 4281 sollicitos
2666 4246 2792 4281 esse.

1913 4305 2163 4374 253-415.
2182 4307 2399 4376 Jamque
2410 4312 2524 4362 emt
2532 4310 2589 4359 in
2605 4312 2743 4360 lotas
2758 4314 2860 4360 etc.

2834 3010 2852 3038 ν
2900 2982 2997 3058 V
