3217 5134
821 501 911 567 68

1213 551 1220 558 .
1329 499 1452 565 r.
1518 445 1880 568 ovinn
1945 459 2451 571 NAsole'

823 636 1183 714 Incaluisse
1215 635 1470 725 serunt,
1508 635 1926 740 calidumque
1952 640 2274 716 animasse
2304 669 2606 717 cruorem
2637 669 2655 733 ;

824 759 943 846 Et,
979 785 1064 830 ne
1096 752 1279 829 nulla
1311 782 1443 828 suae
1481 754 1710 855 stirpis
1742 774 2171 831 monumenta
2203 776 2542 832 manerent
2560 815 2581 848 ‚

817 876 901 948 In
935 871 1167 948 faciem
1203 870 1477 945 vertisse
1507 870 1863 945 hominum
1886 900 1903 946 :
1928 872 2044 947 sed
2075 891 2145 947 et
2175 873 2291 949 illa
2318 903 2620 977 propago

2854 898 2941 950 16·

822 986 1238 1064 Contemtrix
1272 986 1645 1087 Supernm',
1684 1014 1995 1088 saevaeque
2024 988 2398 1064 avidissima
2421 992 2615 1067 caedis
2633 1047 2655 1083 ‚

819 1108 911 1183 Et
943 1102 1231 1178 violenta
1259 1101 1433 1176 filit:
1464 1103 1667 1178 scires
1703 1131 1738 1176 e
1772 1104 2091 1200 sanguine
2125 1123 2340 1180 natos.

914 1230 1033 1303 IV.
1087 1228 1258 1325 Quae
1290 1243 1480 1325 pater
1512 1243 1591 1300 nt
1622 1253 1878 1300 summa
1907 1225 2076 1300 vidit
2108 1227 2459 1303 Saturnius
2491 1258 2636 1306 arce
2655 1287 2677 1321 ‚

812 1454 936 1491 rum
959 1433 1221 1505 originem
1234 1431 1461 1487 declarat
1474 1442 1674 1485 certam
1687 1451 1700 1494 ς
1715 1450 1831 1483 ιω-

810 1522 933 1567 loem
945 1522 1129 1565 contra
1141 1529 1258 1564 eam
1273 1508 1488 1562 dubiam
1500 1508 1831 1578 relinquit.—

816 1593 950 1647 Hoec
964 1590 1149 1648 sabulo
1169 1609 1289 1660 pars
1303 1588 1490 1643 adficta
1505 1598 1720 1658 propter
1732 1587 1829 1641 ho-

814 1673 1021 1726 minum
1034 1670 1413 1725 crudelitatem.
1435 1666 1693 1722 Crudeles
1703 1687 1829 1721 san-

806 1758 961 1821 quine
978 1757 1094 1806 nale*
1106 1750 1417 1804 dicebantur
1434 1748 1635 1803 :TibuL
1660 1749 1721 1815 l,
1746 1765 1793 1802 11
1806 1787 1824 1817 ,

809 1835 967 1906 39—-
979 1835 1242 1895 Amitae-e,
1269 1831 1323 1884 in
1342 1831 1579 1883 animans
1592 1837 1825 1882 vertere:

813 1912 895 1966 lv
913 1951 929 1978 ,
952 1911 1083 1975 6183
1109 1907 1244 1964 xlv
1266 1947 1280 1974 ,
1309 1907 1421 1962 566.
1455 1907 1707 1975 Proser-e
1726 1925 1825 1959 re-

808 1990 988 2046 vocavi
1008 2009 1135 2052 sne,
1160 1989 1216 2042 in
1241 2006 1349 2058 qno
1369 1986 1697 2057 indulgentia
1711 2005 1826 2040 ma-

807 2079 960 2123 terna
983 2068 1119 2122 inest
1138 2075 1193 2120 et
1209 2084 1361 2119 causa
1376 2063 1697 2118 mutationis.
1718 2065 1825 2117 Ne·

808 2164 912 2214 que
932 2185 947 2213 ,
963 2145 1140 2213 sisere
1155 2142 1490 2213 precessisset
1505 2180 1521 2209 ‚
1536 2141 1720 2209 subjici
1736 2160 1825 2210 po·

805 2223 989 2277 inisset
1015 2261 1031 2288 ,
1074 2224 1170 2273 sed
1190 2227 1243 2273 el
1265 2223 1359 2271 illa
1390 2228 1486 2271 etc.
1540 2220 1605 2269 In
1626 2216 1824 2284 sac-tien

803 2306 1083 2362 houthem,
1126 2300 1183 2352 in
1206 2297 1447 2351 homines
1463 2335 1479 2362 ,
1506 2306 1596 2350 aut
1624 2296 1678 2348 in
1701 2297 1822 2348 sor-

809 2396 954 2434 mam
999 2375 1281 2431 bominum
1307 2415 1320 2434 ,
1366 2391 1525 2443 quam
1570 2370 1824 2441 Gigantes

808 2477 920 2513 non
945 2454 1250 2511 habuerant.
1270 2481 1339 2494 —
1356 2452 1444 2506 Sic
1463 2451 1655 2504 dicitur
1669 2451 1822 2511 facies

807 2538 985 2604 maris,
998 2536 1152 2590 facies
1166 2532 1293 2599 coeli,
1311 2542 1407 2587 etc.
1425 2553 1438 2595 ς
1457 2529 1691 2600 adeoque
1709 2549 1820 2583 om·

807 2620 891 2675 nis
910 2628 1127 2672 externa
1146 2613 1340 2685 specics
1358 2624 1412 2667 et
1434 2613 1602 2665 forma
1621 2651 1636 2677 ‚
1663 2610 1821 2664 oculis

805 2698 1035 2769 exposita
1049 2735 1065 2762 ,
1089 2695 1244 2749 facies
1258 2694 1561 2764 appellatur.
1577 2691 1720 2746 Hinc
1730 2710 1822 2746 su·

805 2776 1060 2848 perficies.
1086 2775 1185 2827 Ed.

877 2855 987 2909 158.
1002 2856 1296 2907 Iac-aluisse.
1317 2850 1503 2903 Burm.
1517 2848 1653 2903 bene
1678 2849 1815 2915 fecit,

805 2933 948 3005 quod
985 2951 1118 2987 vers.
1140 2950 1247 2999 seq.
1281 2948 1378 3000 pro
1399 2932 1724 2981 euna-adame
1756 2946 1820 2980 ex

804 3032 919 3067 uno
939 3010 1136 3065 Medic.
1156 3020 1212 3064 et
1226 3008 1351 3063 edit.
1374 3007 1497 3060 Aldi
1517 3005 1663 3060 dedit
1677 3011 1820 3059 inca-

801 3097 986 3154 Im’sse,
1015 3088 1136 3158 quia
1152 3085 1310 3141 Ovid.
1326 3097 1466 3140 amat
1485 3084 1611 3138 tales
1625 3086 1823 3154 repeti-

803 3171 1001 3235 tiones,
1028 3178 1083 3220 et
1106 3166 1228 3234 quia
1253 3165 1309 3217 in
1335 3167 1504 3217 colom
1521 3162 1611 3217 illo
1634 3164 1709 3216 vis
1728 3163 1818 3234 gi-

799 3243 1021 3318 gnendi.

876 3330 984 3396 ¹⁵9-
1006 3321 1202 3390 Slae'rpessr.
1222 3318 1433 3373 Thnan·
1455 3329 1509 3371 et
1531 3335 1670 3370 unus
1688 3319 1816 3371 Vos-

800 3404 929 3458 sian.
933 3400 1062 3470 sem
1075 3403 1264 3466 stirpis,
1283 3393 1424 3467 quod
1439 3395 1688 3450 Heinsius
1700 3415 1815 3450 am-

801 3483 982 3554 plexus
1005 3489 1100 3534 est.

875 3559 983 3612 162.
1009 3561 1173 3612 &eb-es
1195 3573 1227 3609 e
1248 3560 1494 3625 καιρία
1512 3558 1677 3606 natos.
1702 3550 1811 3616 Vl,

801 3659 899 3695 22:
921 3641 1086 3694 &ins
1118 3658 1156 3691 a
1182 3640 1397 3691 Pallade
1430 3639 1646 3690 doctam.
1681 3634 1815 3690 Fast.

805 3720 899 3789 11,
935 3722 1033 3794 ⁴¹9
1056 3739 1068 3771 ε
1094 3720 1261 3771 Πανία
1290 3724 1430 3769 satos
1460 3721 1632 3769 seim.
1675 3715 1814 3770 Vide

804 3797 1072 3855 Drakenb.
1097 3794 1163 3850 ad
1185 3794 1279 3850 Sil.
1301 3795 1380 3861 V,
1407 3812 1518 3866 ²79·

875 3877 1120 3944 163-243.
1158 3877 1381 3947 Lycaon.
1431 3871 1615 3941 Quam
1656 3872 1815 3943 impia

799 3957 888 4012 illa
908 3977 938 4010 e
964 3955 1252 4026 Gigantum
1274 3950 1532 4023 sanguine
1552 3961 1666 4004 orta
1689 3971 1817 4020 pro-

797 4037 874 4090 les
885 4038 1043 4091 suerit
1055 4076 1070 4102 ‚
1089 4034 1366 4090 commode
1384 4034 1636 4105 probatur
1645 4051 1816 4087 exem·

799 4115 889 4184 plo
922 4114 1174 4187 Lycaonis
1192 4153 1207 4182 ,
1246 4114 1380 4183 regis
1415 4111 1649 4166 Arcadiae
1667 4152 1683 4178 ‚
1725 4111 1814 4180 qui

795 4192 894 4262 ipsi
918 4192 1041 4245 Jovi
1060 4231 1075 4257 ,
1102 4204 1262 4246 terras
1277 4191 1465 4245 visenti
1481 4230 1499 4258 ‚
1518 4209 1630 4244 non
1651 4190 1813 4243 modo

795 4289 984 4332 carnes
1021 4270 1279 4326 humanas
1312 4279 1628 4340 apposuerat
1649 4307 1666 4336 ,
1721 4268 1814 4324 sed

1926 1432 2086 1486 etiam
2117 1432 2326 1487 insidias
2354 1444 2643 1501 struxerat3
2682 1458 2844 1508 quam
2867 1442 2930 1495 ob

1924 1511 2247 1581 impietatem
2265 1514 2321 1567 in
2336 1514 2521 1585 lupum
2540 1535 2823 1575 conversus
2843 1532 2931 1575 est.

1929 1589 2012 1644 Cs.
2030 1592 2226 1663 Hygia.
2247 1593 2348 1646 sab.
2374 1595 2485 1663 176,
2510 1605 2565 1650 et
2585 1595 2933 1667 Apollod.Bi-
2960 1643 2968 1650 .

1869 1685 1873 1690 ·
1924 1667 2106 1723 blioth.
2134 1670 2330 1735 111,·8;
2357 1690 2461 1740 quo
2488 1683 2712 1744 utroque
2737 1674 2850 1730 loco
2868 1678 2937 1731 fi-

1922 1744 1977 1797 lii
2004 1745 2256 1818 Lycaonis
2270 1785 2287 1813 ‚
2325 1748 2466 1816 quod
2488 1749 2575 1805 hic
2596 1751 2821 1806 traditur
2840 1774 2931 1825 pe-

1922 1823 2146 1877 riculum
2166 1864 2182 1890 ‚
2208 1824 2263 1878 in
2288 1825 2422 1879 Jove
2447 1829 2619 1884 facere
2641 1843 2901 1887 conantur
2916 1873 2931 1902 ,

1922 1919 2081 1970 quam
2097 1901 2165 1955 ob
2176 1922 2383 1957 causam
2397 1905 2489 1974 ipsi
2502 1906 2722 1962 fulmine
2736 1930 2932 1966 necan-

1920 1991 2035 2045 tur;
2061 1993 2209 2051 pater
2220 1994 2397 2037 autem
2417 1986 2707 2042 secundum
2732 1990 2929 2062 Hygin.

1920 2061 1976 2116 in
2013 2061 2198 2133 lupum
2241 2066 2567 2120 convertitur
2587 2106 2604 2134 ,
2638 2070 2927 2125 secundum

1921 2140 2164 2210 Apollod.
2190 2153 2367 2198 autem
2389 2162 2495 2198 una
2516 2165 2640 2200 cum
2661 2146 2780 2204 filiis
2799 2168 2929 2203 con-

1917 2229 2198 2274 crematur.
2235 2217 2378 2274 Cum
2403 2222 2647 2292 Apollod.
2669 2229 2928 2282 consentit

1918 2295 2094 2349 Schol.
2119 2296 2377 2369 Lycophr.
2400 2298 2464 2352 ad
2488 2319 2619 2356 vers.
2643 2304 2756 2367 481.
2782 2305 2924 2360 Pau-

1916 2392 2025 2426 san.
2053 2373 2241 2427 Arcad.
2274 2396 2324 2446 p.
2350 2373 2479 2442 Boo,
2506 2377 2663 2433 tradit
2680 2419 2696 2447 ‚
2722 2381 2927 2455 Lycao-

1917 2470 2070 2520 nem,
2088 2453 2288 2524 Pelasgi
2306 2454 2495 2524 filium‚
2517 2456 2741 2530 Cecropi
2763 2481 2926 2532 equa·

1917 2532 2023 2586 lem
2040 2572 2056 2600 ‚
2082 2533 2205 2587 Jovi
2236 2555 2377 2590 sacra
2409 2537 2592 2610 Lycoea
2619 2539 2922 2607 instituisse,

1916 2612 1973 2666 in
1991 2613 2154 2683 iisque
2171 2614 2425 2669 infantem
2438 2616 2767 2686 sacrificasse,
2785 2640 2926 2674 eam-

1918 2707 2019 2758 que
2037 2690 2105 2743 ob
2119 2710 2325 2745 causam
2340 2693 2395 2745 in
2412 2692 2598 2763 lupum
2615 2715 2924 2760 conversum

1916 2788 2042 2823 esse.
2067 2768 2128 2823 Id
2153 2770 2295 2840 quod
2318 2772 2474 2841 paulo
2496 2775 2709 2845 propius
2733 2777 2798 2831 ad
2820 2778 2927 2833 liis-

1916 2850 2133 2903 toricam
2165 2851 2439 2905 veritatem
2463 2853 2675 2909 accedit.
2713 2855 2924 2912 Etenim

1915 2927 2075 2981 etiam
2092 2927 2328 2982 marmor
2341 2929 2597 2984 Arundel.
2613 2932 2640 2985 1
2655 2972 2670 2998 ,
2698 2934 2757 2987 31
2783 2974 2799 3002 ,
2817 2954 2923 2990 me·

1916 3015 2122 3072 morat,
2145 3006 2473 3078 Lycaonem,
2504 3007 2793 3077 Pandioni,
2824 3009 2923 3066 Ce-

1914 3086 2083 3155 cropis
2120 3085 2264 3152 filio,
2307 3087 2560 3156 equalem
2586 3128 2601 3154 ‚
2645 3089 2922 3147 instituisse

1914 3161 2036 3215 Jovi
2060 3182 2229 3229 sacra,
2256 3175 2436 3220 Δυκαῒα
2456 3164 2622 3233 dicta,
2652 3166 2923 3238 inquibus

1914 3240 2155 3297 homines
2191 3243 2311 3296 Deo
2353 3244 2685 3301 offerrentur.
2746 3246 2925 3317 Atque

1913 3318 2024 3373 hcc
2046 3339 2187 3374 sacra
2212 3319 2300 3373 diu
2323 3321 2568 3376 mansisse
2590 3322 2734 3378 inter
2755 3325 2925 3380 Arca-

1910 3394 2028 3463 das,
2053 3416 2113 3449 ex
2129 3398 2344 3467 antiquo
2361 3399 2589 3469 quodam
2606 3411 2818 3456 auctore
2834 3422 2925 3457 re·

1909 3476 2011 3529 sert
2045 3475 2180 3530 Plin.
2209 3477 2280 3530 H.
2307 3478 2372 3534 N.
2402 3479 2572 3545 vul,
2597 3480 2677 3538 32.
2718 3481 2923 3553 Regem

1910 3557 2109 3624 justum
2133 3558 2286 3612 fuisse
2310 3578 2434 3613 eum
2466 3560 2612 3614 Suid.
2648 3562 2702 3615 in
2729 3567 2927 3620 Λυκάων

1908 3646 2118 3699 narrat;
2143 3647 2297 3706 atque
2321 3638 2479 3692 etiam
2501 3658 2564 3693 ex
2586 3639 2810 3696 Pausan.
2830 3661 2927 3712 ap-

1909 3726 2091 3787 paret,
2113 3716 2276 3770 multa
2295 3737 2421 3772 eum
2442 3719 2582 3773 inter
2605 3719 2836 3776 Arcadas
2858 3723 2925 3776 ad

1910 3797 2028 3852 vite
2051 3796 2250 3852 cultum
2275 3798 2547 3854 invenisse.
2576 3800 2834 3858 Fabulam
2856 3803 2929 3858 de

1911 3877 2203 3932 mutatione
2232 3879 2286 3931 in
2314 3879 2496 3947 lupum
2521 3879 2665 3934 facile
2693 3882 2933 3936 nominis

1910 3967 2125 4029 etymon
2141 3977 2323 4027 parere
2333 3959 2517 4029 potuit.
2528 3958 2607 4013 De
2620 3967 2935 4038 λυκανθροπίᾳ

1911 4034 2150 4088 universe
2185 4034 2444 4089 Herodot.
2479 4036 2590 4102 lv,
2632 4040 2760 4106 105,
2784 4038 2933 4095 Plin.

1909 4112 1959 4165 d.
1985 4113 2016 4166 l.
2052 4114 2332 4182 disputant.
2365 4115 2613 4169 Fabulam
2647 4116 2704 4169 in
2734 4136 2790 4170 se
2830 4127 2936 4171 te-

1909 4208 2070 4245 nuem
2110 4190 2343 4260 Ovidius,
2361 4193 2666 4248 tractatione
2690 4192 2939 4252 reddidit

1908 4269 2308 4326 memorabilem
2323 4309 2340 4340 ,
2361 4272 2420 4327 in
2434 4290 2597 4343 eaque
2617 4272 2937 4331 exornanda
