3217 5134
858 576 991 663 ‘244

1399 578 1479 644 P.
1544 577 1902 646 OVIDII
1960 576 2422 649 NASONIS

853 720 1129 795 Actaeon
1166 744 1293 813 ego
1331 744 1516 807 sum;
1556 715 1899 791 dominum
1940 719 2322 813 cognoscite
2357 716 2667 796 vestrum}
2900 752 2988 799 23„

850 835 1073 910 Verba
1111 834 1335 908 animo
1372 832 1656 908 desunt:
1694 851 1960 908 resonat
1992 832 2343 909 latratibus
2375 835 2596 911 aether.

857 953 1078 1026 Prima
1118 949 1589 1025 Melanchaetes
1625 950 1693 1023 in
1729 969 1918 1046 tergo
1956 949 2228 1025 vulnera
2257 949 2454 1039 fecit;

857 1068 1173 1151 Proxima
1207 1066 1675 1155 Theridamas3
1708 1066 2193 1168 Oresitrophos
2226 1067 2419 1141 haesit
2444 1066 2515 1141 in
2547 1097 2750 1145 armo.

852 1182 1141 1257 Tardius
1177 1182 1512 1268 exierant,
1549 1181 1663 1255 sed
1700 1210 1822 1282 per
1855 1181 2243 1282 compendia
2276 1183 2528 1257 montis

853 1299 1238 1399 Anticipata
1272 1296 1375 1370 uia
1409 1314 1509 1371 est
1538 1327 1553 1370 :
1591 1297 1938 1371 dominum
1972 1297 2420 1372 retinentibus
2454 1296 2620 1387 illis,

2894 1320 2982 1375 235

856 1416 1092 1489 Cetera
1132 1412 1329 1486 turba
1361 1411 1536 1500 coit,
1574 1411 1960 1513 confertque
1996 1413 2065 1486 in
2101 1440 2376 1513 corpore
2403 1413 2652 1488 dentes,

854 1538 897 1609 J
901 1565 1003 1635 arn
1030 1534 1197 1608 loca
1214 1532 1603 1608 vulneribus
1640 1532 1880 1607 desunt
1912 1564 1929 1607 ε

1962 1534 2165 1630 gemit
2198 1534 2343 1624 ille,
2383 1564 2758 1637 sonumque

855 1661 984 1748 Et,
1022 1658 1083 1731 si
1115 1685 1260 1731 non
1287 1656 1610 1744 hominis,
1650 1684 1846 1756 quem
1880 1684 2017 1730 non
2055 1674 2270 1731 tamen
2307 1658 2497 1732 edere
2532 1660 2745 1759 possit

861 1782 1155 1869 Cervus,
1192 1779 1432 1869 habet3
1466 1778 1852 1880 moestisque
1878 1778 2093 1881 replet
2119 1780 2279 1880 juga
2305 1798 2467 1857 nota
2507 1782 2838 1883 querelis:

862 1996 1003 2067 quod
1042 2003 1224 2049 tuetur
1262 1992 1422 2047 Lens.
1452 1993 1722 2054 Feruntur,
1756 2011 1878 2046 cum

858 2079 1061 2147 impetu
1099 2083 1293 2137 ruunt,
1327 2072 1463 2126 bene
1501 2071 1749 2125 convenit
1781 2090 1878 2124 ar—

858 2158 975 2212 dori
998 2174 1192 2210 canum
1214 2194 1229 2221 ,
1252 2171 1426 2223 neque
1449 2151 1581 2206 adeo
1604 2151 1879 2207 sollicitan-

858 2238 988 2292 dum
1012 2247 1103 2291 est.
1131 2237 1254 2290 Jam
1279 2235 1402 2287 hinc
1426 2231 1694 2303 phantasia
1707 2242 1878 2303 poetae

858 2315 1367 2386 cupidinemcanurn
1381 2310 1741 2380 comitumque
1753 2329 1878 2363 cum

860 2393 1059 2447 domini
1098 2390 1369 2447 conatibus
1402 2397 1457 2442 et
1496 2387 1720 2458 querelis
1755 2397 1878 2442 ante

860 2472 1037 2527 oculos
1056 2469 1222 2540 ponit.

926 2548 1038 2601 230.
1066 2546 1285 2598 Acta-on
1302 2562 1394 2610 ego
1415 2561 1527 2596 sum
1547 2553 1647 2597 etc.
1670 2542 1752 2596 De
1776 2541 1879 2596 hoc

856 2645 1010 2681 versu
1046 2624 1296 2679 Heinsius
1320 2641 1332 2674 :
1360 2624 1472 2675 Non
1500 2627 1669 2691 magt&
1692 2624 1877 2677 Naso-

857 2712 941 2760 nis
960 2711 1045 2759 es!
1055 2746 1068 2767 ,
1106 2721 1254 2772 quam
1282 2719 1434 2754 meus.
1463 2699 1782 2770 Agnoscunt¹
1795 2710 1880 2754 ta-

860 2804 985 2839 men
1001 2783 1120 2837 libri
1137 2792 1356 2836 veteres.
1379 2779 1462 2832 Eo
1475 2779 1678 2833 sublato
1698 2778 1878 2833 omnia

857 2872 1017 2916 erunt
1051 2858 1407 2915 concinniora.
1453 2882 1521 2900 ·—
1563 2856 1873 2926 Agnoscunt

858 2958 1067 3010 quoque
1087 2936 1261 2994 codd.
1285 2934 1454 3005 Regii.
1482 2960 1551 2974 --
1574 2932 1704 2986 Sine
1717 2946 1876 2987 causa

778 3046 787 3056 ·
859 3017 1111 3072 Heinsius
1139 3014 1282 3067 hunc
1318 3029 1528 3066 versum
1555 3009 1877 3081 ejiciendum

860 3098 1088 3170 putabat.
1108 3093 1323 3147 Etenim
1323 3092 1527 3161 famuli
1534 3098 1754 3160 possunt
1765 3100 1874 3141 esse

858 3175 1077 3232 comites
1102 3212 1117 3239 ,
1154 3190 1284 3240 quos
1310 3171 1526 3223 Actaeon
1553 3168 1746 3237 alloqui
1769 3185 1875 3219 vo·—

854 3255 1012 3309 lebat.
1026 3249 1132 3305 Sed
1153 3259 1207 3302 et
1221 3266 1375 3302 canes
1389 3287 1402 3312 ‚
1414 3247 1455 3300 si
1472 3246 1566 3300 bos
1584 3245 1873 3316 intelligere

860 3331 1143 3394 malumus,
1166 3325 1443 3378 dominum
1467 3344 1528 3377 ex
1549 3343 1674 3377 voce
1698 3342 1875 3393 agno-

861 3428 1006 3465 scere
1034 3403 1337 3478 potuissent.
1362 3399 1515 3455 Adde
1531 3440 1546 3467 ,
1564 3400 1704 3470 quod
1724 3400 1876 3455 toties

856 3493 913 3546 in
937 3490 1035 3543 hac
1066 3487 1173 3557 ipsa
1205 3484 1305 3538 sab.
1336 3481 1562 3535 luxuriat
1597 3480 1872 3549 ingenium

858 3566 1055 3626 Ovidii.
1078 3592 1146 3607 --
1168 3564 1360 3617 Animo
1374 3600 1386 3622 .
1426 3554 1697 3613 voluntati.

921 3648 1034 3700 232.
1060 3643 1423 3696 Melancbaeles
1439 3647 1494 3692 et
1506 3634 1692 3707 reliqui
1712 3637 1870 3691 etiam

854 3724 919 3778 ab
959 3721 1177 3793 Hygino
1222 3716 1468 3789 postremi
1507 3714 1870 3768 nominantur.

856 3800 966 3856 Sed
988 3800 1209 3864 Noster,
1236 3794 1374 3848 tedii
1406 3791 1652 3846 vincendi
1684 3810 1867 3858 cansa,

855 3900 946 3935 eos
969 3919 984 3947 ‚
1026 3877 1133 3931 aliis
1186 3872 1496 3946 quibusdam
1540 3872 1829 3940 interjectis
1851 3910 1867 3936 ‚

852 3954 1208 4028 superioribus
1240 3948 1417 4015 addit,
1449 3959 1564 4002 tum
1595 3948 1868 4017 ingenioso

852 4042 1160 4095 commento
1182 4028 1499 4101 peculiarem
1522 4044 1711 4080 eorum
1733 4044 1865 4095 ope-

854 4130 973 4165 ram
991 4117 1268 4163 memorat.
1289 4133 1356 4149 ··-
1370 4106 1755 4166 Melanchleu
1779 4104 1868 4171 ju-

852 4187 983 4243 bam
1003 4198 1058 4241 et
1082 4187 1211 4257 pilos
1234 4185 1432 4239 hahens
1453 4182 1646 4253 nigros.
1669 4184 1769 4233 Ed.

916 4265 1030 4330 234„
1055 4266 1317 4316 Exiet-aul.
1338 4262 1500 4314 Recte
1532 4259 1717 4312 Heins-
1733 4276 1864 4310 mo-

851 4356 979 4412 net,
1012 4346 1231 4402 verbum
1263 4348 1399 4397 extit
1430 4352 1665 4397 sumtum
1698 4359 1865 4395 essen

1974 1991 2134 2048 Circo
2152 2030 2167 2061 ,
2193 1992 2283 2047 ubi
2314 1993 2437 2064 equi
2470 1994 2765 2050 carceribus
2795 2004 2982 2050 etant.

1976 2073 2246 2128 Caeterum
2269 2074 2372 2129 huc
2402 2076 2626 2146 respexit
2652 2074 2798 2129 haud
2831 2075 2982 2129 dubie

1972 2149 2204 2219 Seneca,
2230 2152 2350 2206 Nat.
2377 2151 2578 2220 Quaest.
2595 2151 2683 2205 lib.
2698 2152 2804 2219 111,
2827 2153 2982 2222 prot:

1976 2232 2086 2297 Qui
2109 2235 2306 2284 tardius
2326 2232 2598 2298 ssext'emnst
2628 2251 2822 2284 noran
2851 2235 2982 2284 velo-

1971 2313 2129 2363 citate
2158 2318 2394 2378 pensant.
2435 2336 2505 2352 -
2549 2310 2729 2364 Nostri
2765 2309 2982 2364 Codices

1971 2386 2126 2456 Regii
2148 2386 2347 2441 habeut
2369 2392 2589 2449 exierat,
2619 2388 2764 2457 quod
2783 2398 2982 2458 pratu-

1967 2463 2122 2517 lerim
2142 2502 2156 2530 ‚
2200 2475 2260 2519 ut
2285 2466 2547 2518 reseratur
2580 2464 2644 2519 ad
2679 2464 2981 2520 Oresistro-

1970 2540 2136 2612 phum
2158 2542 2330 2596 solum
2349 2582 2365 2610 ,
2403 2543 2494 2613 qui
2518 2562 2685 2612 quum
2707 2563 2809 2614 per
2830 2562 2980 2599 com-

1969 2619 2162 2689 pendia
2177 2621 2442 2674 montium
2460 2622 2711 2683 venisset.
2736 2627 2796 2675 1⁶ae
2820 2642 2977 2679 m,

1969 2697 2024 2750 id
2047 2708 2153 2766 est,
2188 2698 2244 2752 iu
2279 2698 2544 2753 anteriore
2569 2710 2720 2769 parte
2759 2701 2981 2771 corporis

1972 2772 2224 2829 Actoeona
2247 2792 2513 2846 aggressus
2529 2786 2610 2830 est
2632 2816 2648 2843 ,
2698 2775 2832 2830 dum
2855 2778 2982 2831 Me·-

1969 2851 2250 2907 lanchsetoe
2262 2863 2315 2906 et
2333 2853 2679 2908 Theridamas
2694 2854 2940 2909 eumdem
2954 2873 2981 2909 a

1970 2941 2121 3003 tergo
2144 2931 2471 2987 adoriuntur.
2509 2935 2611 2987 Ed.
2636 2961 2708 2977 -
2733 2937 2983 3004 Conper-

1970 3013 2107 3063 de'nm
2123 3052 2137 3074 ‚
2166 3029 2326 3064 omne
2347 3011 2553 3065 lucrum
2572 3052 2587 3079 ,
2612 3013 2759 3082 quod
2777 3015 2834 3067 in
2859 3032 2982 3085 qua—

1969 3104 2196 3157 cumque
2219 3106 2279 3142 re
2301 3089 2471 3142 secere
2488 3108 2796 3160 possumus,
2819 3091 2909 3146 sed
2929 3092 2980 3145 iu

1970 3167 2152 3236 primis
2200 3166 2267 3221 de
2317 3167 2557 3222 breviore
2601 3169 2685 3222 via
2718 3170 2948 3225 occurrit
2962 3209 2978 3234 ,

1971 3263 2130 3313 quam
2154 3245 2269 3314 quis
2288 3285 2303 3313 ‚
2327 3246 2629 3316 ambagibus
2652 3247 2848 3302 relictis
2870 3289 2884 3317 ,
2907 3250 2982 3302 in·

1970 3322 2101 3377 sistit
2127 3341 2142 3376 ι
2164 3322 2283 3376 vide
2304 3322 2568 3382 Schwarz.
2590 3324 2659 3378 ad
2687 3326 2852 3383 Plinii
2873 3328 2979 3381 Pa-

1967 3416 2088 3469 neg.
2114 3418 2224 3471 cap.
2250 3414 2388 3468 xcv,
2413 3422 2463 3471 p.
2491 3404 2603 3469 488.
2630 3428 2701 3444 --
2718 3406 2987 3473 Aule'asss!

1967 3485 2103 3532 viam
2127 3480 2169 3533 is
2182 3519 2197 3545 ,
2215 3480 2304 3549 qui
2331 3480 2556 3534 alterum
2572 3484 2858 3538 antevertit
2876 3503 2986 3538 cur·

1965 3578 2044 3613 su.
2064 3584 2132 3601 ·—-
2145 3559 2313 3613 Iidem
2333 3560 2561 3616 Codices
2575 3563 2778 3630 nostri,
2795 3559 2982 3631 ῥιπαῖ-

1955 3640 2130 3704 pe'lata
2150 3644 2239 3690 via
2255 3649 2348 3691 est.
2372 3639 2650 3693 prostat-et
2668 3647 2980 3709 uhi-spata,

1962 3716 2007 3770 si
2032 3713 2203 3769 Codd.
2225 3716 2416 3770 nostris
2448 3710 2735 3772 fulciretur.
2760 3720 2864 3772 Ed.

1999 3834 2010 3845 .
2033 3794 2142 3847 2³8.
2159 3794 2256 3855 Et,
2282 3798 2338 3845 si
2354 3810 2454 3846 non
2472 3796 2693 3846 homin&
2712 3803 2842 3857 etc-3
2863 3814 2985 3850 οω-

1963 3873 2046 3925 ser
2057 3890 2269 3926 versum
2281 3872 2380 3941 667
2395 3873 2510 3926 libri
2525 3874 2829 3941 11.—Ju5u
2839 3881 2973 3935 min,

1963 3950 2019 4003 in
2036 3951 2223 4019 quibus
2244 3950 2423 4004 venari
2443 3949 2625 4004 solitus
2639 3952 2814 4004 fuerat
2837 3951 2982 4005 :vide

1965 4026 2029 4080 ad
2056 4029 2082 4082 1
2099 4067 2114 4095 ‚
2137 4029 2252 4097 370·
2272 4054 2339 4068 —
2363 4029 2556 4081 Positis·
2578 4028 2738 4083 habet
2770 4029 2981 4083 Bonan.

1962 4123 2061 4174 pro
2087 4106 2287 4159 diversa
2303 4105 2541 4160 lectione.
2563 4104 2780 4175 Cateri,
2789 4113 2984 4175 pru-125.

1960 4209 2030 4225 -
2047 4185 2137 4239 Sic
2149 4196 2204 4239 et
2219 4184 2383 4239 nostri
2400 4185 2779 4254 Regiifflmmle.
2799 4212 2871 4227 ——
2887 4190 2984 4240 st-

1961 4268 2080 4317 εἰω-
2095 4263 2333 4316 revocavi
2349 4281 2411 4316 ex
2426 4260 2562 4317 God.
2577 4264 2790 4317 Bonan.
2808 4275 2863 4318 et
2877 4265 2984 4334 ph·

1961 4343 2070 4397 cuit
2089 4342 2250 4396 etiam
2272 4342 2514 4397 Heinsio.
2537 4347 2710 4399 1³oeaeae
2718 4362 2887 4413 ‘em
2903 4362 2982 4397 an
