3217 5134
592 527 1661 604 METAMORPHOSEON
1714 530 1919 600 LIB.
1985 533 2090 598 II.

2280 553 2415 623 209

258 682 356 754 Et
395 694 583 753 tanto
615 676 887 778 penitus
920 674 1123 749 traxit
1165 672 1452 775 suspiria
1483 688 1704 759 motu,

262 804 367 877 Ut
399 801 654 903 pariter
685 816 924 901 pectus
943 854 962 886 ‚
999 797 1423 900 positamque
1458 795 1527 868 in
1557 812 1832 896 pectore
1863 794 2052 868 forti'

262 927 516 1023 AEgida
549 941 938 999 concuteret
970 954 985 996 ε
1026 923 1214 997 subit
1234 976 1253 1010 ‚
1286 921 1459 996 hanc
1494 946 1728 994 arcana
1760 918 2040 1020 profana

2331 942 2431 1011 75:⁶3

262 1051 618 1126 Detexisse
651 1077 852 1123 manu
887 1066 1031 1122 tum
1053 1104 1072 1137 ,
1112 1074 1318 1149 quum
1357 1045 1500 1123 sine
1530 1060 1738 1121 matre
1775 1060 2060 1118 creatam

263 1172 673 1251 Lemnicolae
709 1172 988 1274 stirpem
1021 1188 1254 1245 contra
1288 1170 1441 1244 data
1474 1166 1724 1243 foedera
1755 1165 1970 1255 vidit;

264 1302 365 1374 Et
399 1315 785 1398 gratamque
820 1297 971 1369 Deo
1006 1294 1150 1369 fore
1182 1296 1315 1394 jam
1354 1310 1743 1394 gratamque
1776 1289 2032 1379 sorori,

265 1427 365 1499 Et
401 1423 606 1496 ditem
639 1438 897 1507 sumto,
938 1418 1121 1521 quod
1158 1448 1347 1495 avara
1385 1415 1810 1518 poposcerit,
1846 1443 2030 1489 auro.

368 1545 692 1620 Protinus
722 1543 1035 1630 Invidiae,
1073 1543 1268 1637 nigro
1304 1540 1678 1643 squalentia
1712 1539 1873 1613 tabo
1894 1593 1913 1626 ,

2317 1561 2417 1629 7⁶⁰

271 1673 486 1749 Tecta
517 1669 685 1771 petit
714 1700 731 1744 ι
765 1668 1007 1743 domus
1044 1686 1146 1743 est
1179 1668 1331 1741 imis
1364 1666 1437 1740 in
1470 1664 1760 1740 vallibus
1799 1662 1974 1738 antri

272 1887 449 1940 tiones
472 1880 742 1954 generales
767 1879 963 1949 ubique
991 1876 1216 1932 Ovidius
1238 1877 1305 1930 ad

274 1965 532 2033 cujusque
579 1978 862 2031 personam
910 1956 1304 2012 accommodate

277 2050 499 2096 exornat
518 2079 534 2106 ,
572 2039 626 2092 in
655 2038 835 2108 primis
858 2038 897 2091 si
931 2037 1012 2088 illa
1034 2036 1306 2088 exornatio

277 2117 660 2193 mythologiam
688 2115 912 2185 attingit.
954 2114 1103 2166 Hinc
1121 2123 1175 2167 et
1200 2112 1306 2166 ad-

279 2197 445 2262 ditur,
454 2200 772 2263 positamque
792 2204 890 2245 etc..
904 2220 972 2231 —
993 2194 1156 2259 AEgia
1183 2210 1307 2243 mu-

279 2275 586 2329 nimentum
622 2271 747 2325 illud
783 2290 989 2326 oeneum
1016 2310 1029 2336 ,
1073 2268 1214 2340 quod
1249 2270 1304 2325 in

279 2365 496 2425 pectore
516 2351 647 2421 gerit
669 2349 865 2415 Pallas,
891 2349 1201 2418 insignitum
1228 2366 1308 2401 ca-

281 2433 391 2504 pite
428 2430 724 2499 Gorgonis,
756 2427 899 2496 quod
940 2438 995 2481 et
1031 2428 1085 2480 in
1123 2426 1308 2498 clypco

282 2512 398 2581 ejus
421 2527 723 2579 expressum
749 2517 876 2560 erat.

354 2588 764 2658 755.Subil.1n
804 2584 1118 2639 memoriam
1155 2584 1311 2638 redit.

280 2695 351 2709 --
394 2668 728 2727 brunicam,
774 2664 825 2713 V
830 2665 1078 2729 uit-anus,
1122 2664 1211 2733 qui
1252 2664 1309 2716 in

284 2746 494 2799 Lemno
512 2784 528 2811 ,
564 2743 733 2797 insula
760 2742 921 2795 maris
962 2740 1117 2809 AEgei
1137 2780 1153 2806 ,
1179 2739 1311 2793 offi-

282 2822 462 2876 cinam
478 2821 671 2875 habere
693 2819 1026 2885 credebatur,
1052 2818 1228 2886 ibique
1253 2817 1309 2871 in

282 2898 469 2970 primis
492 2898 776 2952 colebatur.
800 2924 866 2937 —-
889 2858 1115 2949 Codices
1145 2893 1312 2947 nostri

290 2976 447 3047 Regii
471 2976 600 3030 dant
622 2978 953 3029 Lemmiacam
976 2978 1218 3041 slt’rpem3
1257 2971 1313 3027 id

284 3056 365 3111 rei
406 3056 797 3127 grammatice,
838 3056 879 3107 si
915 3072 1027 3107 non
1053 3052 1310 3122 poetirae‚

284 3133 690 3190 convenientius
713 3132 888 3187 credo.
915 3134 1103 3185 Ed.--
1128 3133 1317 3183 Contra

285 3212 639 3281 datasmkm,
657 3223 842 3265 contra
860 3209 1037 3263 datam
1057 3207 1237 3261 fidem.
1249 3235 1317 3248 -

286 3293 668 3361 Etpalamque
678 3292 810 3343 Deo,
830 3287 1013 3342 Codex
1033 3282 1229 3357 Regius
1250 3286 1314 3355 Α,

270 3372 397 3441 jam
410 3376 702 3439 {ratamque
712 3366 846 3432 Deo3
870 3365 1053 3420 Codex
1072 3366 1139 3433 B,
1153 3372 1321 3435 ingra-

285 3458 490 3520 tamque
512 3453 639 3504 Deo.
664 3476 733 3492 -·
758 3451 1065 3518 Poposcaem'l.
1092 3445 1318 3502 C'odices

286 3531 461 3586 nostri
478 3571 493 3598 ,
511 3538 825 3599 poposcerat.
858 3528 959 3583 Ed.

352 3610 465 3678 760.
479 3613 717 3663 Pmle‘nus
730 3610 958 3662 Invidiae.
974 3606 1219 3660 Minerva
1235 3606 1321 3660 In·

288 3687 490 3742 vidiam
504 3689 691 3742 excitat
708 3688 761 3741 in
781 3687 1043 3755 Aglauro:
1062 3684 1152 3741 sed
1170 3684 1286 3738 vide
1298 3724 1317 3751 ,

286 3766 565 3837 quomodo
602 3765 705 3820 hoc
745 3766 1031 3819 exornavit.
1075 3763 1321 3819 Primum

292 3845 566 3901 Invidiam
588 3847 710 3899 fecit
727 3884 745 3913 ,
771 3853 1043 3914 praeeunte
1069 3842 1251 3913 Eurip.
1267 3842 1322 3895 in

291 3925 471 3979 Inone
495 3964 510 3991 ,
554 3925 739 3994 fragm.
766 3926 798 3975 5
819 3963 834 3991 ,
877 3942 1156 3993 personam
1178 3962 1193 3989 ,
1228 3931 1319 3986 ut,

290 4004 411 4059 XII
430 4043 446 4068 ,
466 4004 530 4076 39
554 4024 666 4074 sqq.
690 4003 912 4056 Famam
931 4041 947 4068 ‚
971 4012 1025 4056 et
1052 4003 1241 4057 Horat.
1264 4005 1319 4070 1,

288 4081 407 4137 od.
440 4099 588 4136 xxxv
609 4120 626 4147 ,
658 4103 716 4152 17
755 4102 868 4152 sqq.
886 4122 902 4148 ,
931 4082 1324 4137 Necessitatem.

287 4163 510 4218 Deinde
532 4163 684 4216 finxit
708 4164 970 4216 Minerva
983 4161 1048 4215 ad
1064 4180 1183 4215 eam
1202 4162 1322 4228 iter,

292 4251 359 4296 ut
382 4241 680 4296 ministerio
703 4241 818 4311 ejus
842 4250 1083 4295 uteretur
1100 4280 1114 4300 ‚
1142 4248 1203 4292 ut
1224 4259 1326 4293 su-

295 4339 417 4392 pra,
437 4326 555 4394 509,
573 4321 807 4376 ,Iunonis
823 4320 890 4375 ad
907 4319 1053 4374 Deos
1073 4317 1252 4388 maris,
1272 4327 1325 4370 et

482 4423 646 4491 III.

1405 1875 1506 1940 IV,
1545 1875 1641 1941 432
1665 1914 1680 1940 ,
1730 1872 1796 1926 ad
1832 1870 2019 1926 Furias
2043 1893 2058 1935 ς
2095 1881 2210 1925 tum
2249 1871 2390 1926 vm
2413 1910 2428 1938 ,

1406 1971 1504 2024 ⁷9⁰
1521 1990 1536 2018 ,
1567 1951 1781 2005 Cereris
1798 1949 1863 2003 ad
1879 1951 2114 2003 Famem.
2139 1949 2286 2016 Jam,
2305 1968 2433 2018 quo-

1402 2034 1549 2086 niam
1570 2030 1767 2084 invidia
1789 2070 1803 2097 ,
1830 2041 2041 2083 auctore
2061 2030 2244 2099 Eurip.
2263 2030 2431 2082 maxi·

1402 2130 1523 2165 mus
1551 2109 1797 2162 omnium
1831 2108 1887 2161 in
1920 2106 2139 2160 homine
2171 2109 2387 2161 morbus
2415 2149 2430 2175 ,

1404 2212 1505 2247 nec
1521 2191 1605 2244 illa
1624 2193 1792 2244 Saekule·
1805 2190 2193 2260 tyranm‘majus
2207 2193 2433 2242 &venete

1403 2278 1696 2328 tormentum
1713 2311 1727 2333 ‚
1769 2270 1958 2323 Horat.
1987 2270 2011 2323 I
2035 2308 2051 2335 ,
2094 2268 2192 2337 Ep.
2218 2285 2263 2322 11
2283 2308 2298 2336 ,
2335 2271 2433 2332 583

1404 2362 1685 2424 propterea
1700 2390 1716 2416 ,
1732 2350 1848 2418 eius
1864 2359 1917 2403 et
1934 2349 2172 2403 habitum
2190 2360 2245 2403 et
2260 2348 2434 2403 domi-

1403 2434 1580 2487 cilium
1605 2430 1950 2485 soedissimum
1975 2428 2245 2500 descripsit
2264 2469 2279 2495 ,
2309 2449 2431 2483 om·

1404 2513 1599 2582 niaque
1625 2512 1742 2580 eius
1769 2511 1905 2564 maia
1930 2511 2165 2565 sensibus
2196 2511 2434 2580 subjecit.

1408 2594 1595 2648 Partes
1617 2594 1776 2646 etiam
1797 2590 1956 2658 hujus
1973 2591 2334 2661 descriptionis
2351 2592 2436 2645 be·

1406 2689 1476 2723 ne
1519 2669 1785 2739 disposuit.
1829 2670 2072 2723 Primum
2114 2669 2336 2722 domum
2379 2679 2435 2722 et

1405 2747 1599 2802 soedam
1618 2787 1633 2812 ‚
1653 2759 1704 2800 et
1721 2748 1924 2801 tristem
1939 2788 1954 2814 ,
1982 2747 2257 2816 omnisque
2278 2766 2434 2800 amoe·

1406 2826 1586 2881 nitatis
1600 2837 1872 2897 expertem
1882 2825 2209 2879 describic-
2221 2827 2432 2887 Tabam,

1407 2925 1701 2970 venenum,
1722 2924 1829 2975 quo
1845 2903 2012 2957 inficit
2028 2903 2283 2956 homines.
2302 2903 2433 2956 Mox

1404 2989 1599 3041 tabem.
1627 3002 1814 3036 nocens
1835 2986 1976 3033 virus
1993 2992 2046 3035 et
2061 2985 2259 3049 pereum
2283 3000 2434 3035 wne-

1408 3082 1525 3115 num
1548 3072 1714 3113 vocat.
1746 3062 1956 3127 Nigrum
1976 3058 2210 3113 solemne
2228 3058 2436 3129 epithe-

1411 3150 1503 3194 ton
1530 3138 1743 3192 veneni.
1758 3164 1826 3179 -·
1845 3137 1990 3191 Situs
2009 3137 2271 3190 tristitiam
2294 3137 2431 3191 bene

1409 3226 1602 3270 notant
1624 3217 1782 3269 verba
1805 3220 1924 3269 ιἰπιὶῐ
1944 3222 1999 3269 in
2020 3218 2244 3269 uallibus
2261 3222 2431 3277 antri,

1410 3295 1521 3348 imo
1543 3295 1598 3347 in
1627 3293 1821 3363 angulo
1845 3334 1861 3361 ‚
1893 3304 1981 3348 aut
2004 3293 2112 3346 ima
2136 3292 2192 3346 in
2215 3292 2436 3346 cavitate

1413 3373 1551 3425 antri
1568 3395 1582 3437 ;
1611 3388 1844 3442 namque
1859 3374 2014 3425 vallis
2031 3382 2085 3426 et
2097 3370 2329 3424 cavitatis
2342 3388 2437 3422 no-

1412 3453 1616 3506 tionem
1644 3453 1878 3506 involvit.
1898 3479 1963 3494 ·-
1991 3450 2166 3519 Vulgo
2191 3487 2206 3515 ,
2235 3455 2291 3502 e‘n
2311 3453 2439 3502 val-

1412 3537 1546 3586 libus
1566 3534 1737 3599 hujus.
1775 3533 1874 3585 Vir
1905 3531 2090 3585 docms
2123 3530 2178 3583 in
2216 3530 2436 3585 Misceil.

1414 3610 1641 3666 observ.
1661 3610 1763 3662 vol.
1787 3610 1874 3674 11,
1896 3619 2024 3663 tom.
2043 3626 2063 3661 1
2082 3647 2096 3670 ,
2120 3628 2170 3678 p.
2191 3609 2254 3661 32
2277 3650 2289 3671 ‚
2321 3609 2437 3661 im—

1414 3688 1602 3760 probat
1626 3691 1848 3741 vallibus
1878 3694 2042 3747 anit-1⁶,
2084 3698 2241 3757 atque
2279 3687 2441 3741 etiam

1412 3771 1636 3820 vallibus
1659 3770 1813 3835 hujus
1841 3766 2126 3837 insipidum
2153 3779 2207 3821 et
2229 3767 2441 3837 prosai-

1414 3865 1538 3900 cum
1556 3846 1604 3900 ei
1628 3846 1838 3899 videtur
1859 3856 2038 3916 :putat
2061 3847 2222 3915 igitur
2244 3846 2439 3913 legen-

1416 3926 1547 3979 dum
1559 3966 1574 3992 ,
1592 3930 1711 3979 imis·
1727 3933 1780 3978 et
1794 3929 2015 3980 vallibus
2030 3934 2241 3980 animm.
2269 3923 2444 3979 Com-

1415 4015 1562 4075 parat
1592 4004 1699 4070 xl,
1729 4009 1823 4075 592
1841 4044 1857 4071 ‚
1883 4015 1937 4058 et
1967 4006 1990 4058 Ι
2021 4006 2157 4059 Fast.
2186 4009 2300 4060 555.
2327 4005 2438 4060 Sed

1418 4101 1527 4136 non
1560 4082 1717 4134 video
1739 4120 1753 4147 ,
1789 4100 1887 4135 cur
1907 4083 1964 4136 in
1989 4083 2206 4138 vallibus
2224 4086 2442 4154 potissi·-

1418 4178 1569 4215 mum
1584 4172 1801 4214 antrum
1817 4160 2079 4228 habuerit,
2100 4182 2266 4233 quum
2282 4165 2445 4219 etiam

1416 4240 1472 4293 in
1513 4238 1782 4292 montibus
1817 4249 1969 4292 antra
2001 4240 2124 4294 satis
2147 4242 2364 4295 obscura
2389 4254 2443 4294 et
2499 4268 2505 4275 ·

1416 4315 1605 4387 frigida
1629 4335 1740 4369 esse
1758 4317 1974 4385 possint.
1996 4317 2146 4373 Alius
2159 4320 2241 4373 vir
2256 4319 2439 4373 doctus

2091 4421 2172 4504 ¹4
