3217 5134
783 481 905 546 188

1322 480 1403 547 P.
1471 474 1822 547 OVIDII
1871 472 2324 546 NASONIS

766 615 1150 711 Ingreditur
1181 613 1510 716 liquidum
1536 615 1915 717 pavonibus
1947 644 2093 690 aera
2127 615 2327 716 pictis
2348 671 2367 704 ,

767 733 937 805 Tam
972 760 1187 833 nuper
1214 731 1412 833 pictis
1447 759 1614 805 caeso
1647 731 2023 832 pavonibus
2056 731 2281 825 Argo;

773 850 996 945 Quam
1033 865 1104 922 tu
1139 876 1355 948 nuper
1380 874 1524 922 eras
1545 903 1564 936 ,
1605 876 1811 948 quum
1842 845 2162 920 candidus
2193 862 2346 919 ante
2377 842 2650 933 fuisseS,

773 966 990 1039 Corve
1021 962 1301 1065 loquax,
1335 964 1564 1037 subito
1598 964 1939 1058 nigrantes
1967 988 2195 1035 versus
2229 960 2302 1032 in
2333 957 2491 1032 alas.

2805 978 2908 1034 535

771 1082 942 1154 Nam
969 1079 1099 1153 suit
1128 1079 1267 1154 haec
1304 1078 1645 1180 quondam
1678 1078 1887 1152 niveis
1920 1093 2227 1173 argentea
2256 1075 2498 1177 pennis

774 1281 829 1324 et
844 1270 908 1323 A.
924 1271 987 1325 Ρ.
1007 1271 1061 1325 11
1080 1310 1096 1336 ,
1122 1274 1215 1338 40,
1239 1289 1300 1323 ex
1316 1270 1467 1324 Istro.
1485 1270 1710 1324 Pausan.
1730 1269 1757 1322 1
1774 1309 1790 1336 ‚

774 1369 824 1420 p.
856 1367 950 1420 170
972 1369 1011 1402 s.
1027 1387 1042 1415 ,
1076 1348 1332 1418 triplicem
1355 1348 1421 1402 de
1443 1346 1712 1402 Coronide
1739 1359 1795 1401 et

777 1425 1062 1495 AEsculapii
1079 1426 1333 1479 natalibus
1344 1425 1793 1480 traditionemser-

777 1504 949 1571 ravit,
989 1524 1215 1575 quarum
1248 1524 1352 1558 una
1385 1524 1504 1559 curn
1533 1505 1797 1560 Ovidiana

777 1583 1058 1652 conspirat,
1075 1583 1175 1637 nisi
1189 1582 1332 1653 quod
1343 1582 1569 1637 Coronis
1585 1583 1797 1638 aDiana

776 1660 1291 1716 interimitur.Aliam
1302 1663 1686 1733 exArgivorum
1692 1683 1799 1717 car·

779 1738 1014 1793 minibus
1022 1741 1179 1793 sumsi
1187 1740 1301 1794 &Ex
1314 1740 1397 1793 illa
1407 1740 1683 1814 Phlegyas,
1694 1736 1800 1793 bel'-

779 1816 919 1870 lator
932 1817 1278 1874 ferocissimus
1300 1819 1579 1873 Thessalia
1596 1859 1613 1886 ‚
1634 1837 1801 1889 quum

781 1894 840 1947 in
859 1895 1286 1966 Peloponnesum
1298 1897 1622 1966 speculatum
1636 1896 1802 1950 venis-

782 1981 895 2038 set,
932 1972 1038 2026 filia
1076 1993 1199 2028 eum
1231 1984 1406 2028 secuta
1439 1972 1802 2043 AEsculapium

785 2051 924 2121 parit
958 2062 1113 2124 atque
1141 2054 1198 2107 in
1223 2064 1405 2108 monte
1439 2054 1670 2124 quodam
1703 2074 1805 2108 ex-

785 2130 971 2200 ponit,
1022 2131 1115 2185 ubi
1151 2151 1279 2186 eum
1315 2132 1523 2225 capella
1559 2132 1806 2186 mammis

787 2208 1053 2262 nutritum
1077 2219 1133 2262 et
1155 2210 1386 2264 celesti
1370 2230 1493 2281 igne
1517 2210 1810 2281 fulgentem

787 2296 1021 2354 pastores
1056 2288 1345 2356 reperiunt.
1386 2287 1528 2356 Quo
1566 2288 1632 2342 ad
1667 2288 1813 2341 corvi

787 2362 1234 2417 decolorationem
1265 2366 1535 2434 pertinent
1553 2405 1569 2432 ,
1600 2386 1664 2420 ea
1685 2365 1812 2421 inde

792 2451 909 2495 orta
926 2440 1205 2509 videntur,
1234 2442 1376 2511 quod
1399 2443 1456 2496 in
1482 2443 1682 2512 frigidis
1704 2454 1816 2496 ter-

793 2518 865 2571 ris
903 2518 1067 2588 nigre
1105 2539 1224 2574 aves
1264 2520 1546 2574 albescunt.
1596 2520 1815 2575 Aristot.

798 2597 873 2651 H.
895 2596 959 2650 A.
986 2597 1106 2664 111,
1135 2618 1208 2651 12.
1230 2595 1501 2651 Ceterum
1522 2597 1646 2652 huic
1665 2599 1818 2651 sabu-

792 2673 861 2729 lae
886 2674 1005 2731 dune
1031 2675 1145 2729 alie
1166 2674 1588 2730 commodissime
1621 2676 1817 2730 inserte

796 2764 923 2808 sunt
937 2791 955 2820 ,
997 2756 1352 2824 Comaeifiliae
1377 2754 1435 2808 in
1464 2755 1734 2808 cornicem
1765 2765 1821 2808 et

796 2836 1120 2904 Nyctimene-c
1144 2834 1200 2889 in
1225 2842 1477 2888 noctuam
1498 2834 1741 2887 mutatio.
1755 2860 1823 2875 «-

802 2913 998 2966 Ηαόίὰί
1023 2912 1274 2965 Heinsius
1308 2931 1371 2965 ex
1393 2930 1504 2965 uno
1529 2912 1654 2966 Ms.
1677 2911 1825 2966 malit

803 2993 963 3056 agila·
992 2987 1107 3045 sine
1141 3007 1306 3042 causa.
1347 2990 1412 3044 In
1438 3008 1547 3042 uno
1576 2989 1824 3059 Medioeo

805 3069 989 3118 hilare’s
1005 3105 1021 3129 ‚
1057 3066 1205 3134 quod
1233 3085 1345 3119 non
1374 3066 1640 3137 improbat
1673 3068 1827 3122 Bur-

810 3164 1055 3201 mannus.
1082 3173 1152 3186 -
1180 3146 1358 3201 Nostri
1385 3145 1606 3201 Codices
1630 3146 1831 3200 habent

812 3226 988 3278 babili.
1007 3250 1076 3263 —-
1097 3226 1305 3277 Hamis
1333 3236 1550 3293 propter
1578 3225 1829 3280 celerita-

813 3313 924 3356 tem
944 3341 959 3369 ,
985 3320 1088 3372 qua
1109 3301 1279 3371 agitur
1295 3322 1308 3354 :
1324 3302 1376 3354 X
1393 3340 1408 3368 ,
1435 3322 1527 3374 7¹7
1543 3342 1557 3365 ,
1579 3306 1834 3359 lemica-uh-

815 3401 904 3435 τω·
925 3379 1167 3434 Veneris.
1188 3379 1360 3433 Tibul.
1386 3379 1464 3433 IV
1483 3418 1498 3446 ,
1518 3397 1567 3446 1,
1598 3380 1693 3433 130
1710 3400 1723 3432 :
1740 3383 1834 3435 Ju-

807 3463 949 3527 piter
960 3463 1069 3527 tyrse
1080 3463 1184 3512 lm·
1193 3465 1365 3512 vectus
1369 3477 1467 3526 per
1476 3463 1658 3512 :isonia
1673 3479 1834 3514 curm.

822 3539 1012 3592 Horat.
1042 3539 1106 3605 1,
1150 3536 1259 3591 od.
1278 3554 1425 3590 xxxv
1443 3577 1460 3605 ,
1496 3539 1527 3591 8
1553 3542 1835 3593 :volucrem

819 3618 967 3669 Jaeis
978 3636 1186 3671 cunum.
1203 3614 1388 3686 virgil.
1405 3615 1618 3670 AEneid.
1634 3618 1658 3671 1
1677 3656 1692 3681 ,
1717 3620 1805 3686 147
1826 3635 1838 3668 :

818 3697 954 3747 leves
964 3701 1083 3747 mlo
1096 3694 1349 3763 Neptuni.
1358 3693 1545 3747 Senec.
1557 3692 1706 3747 Med.
1719 3696 1810 3763 787
1825 3711 1839 3745 ι

826 3775 1010 3828 Trebia
1053 3792 1227 3827 cun-us
1270 3776 1449 3840 agdes.
1496 3774 1840 3827 Burmannus

823 3871 952 3906 vero
973 3860 1159 3905 monet
1175 3890 1191 3917 ‚
1216 3854 1433 3904 habilem
1456 3869 1603 3920 posse
1623 3850 1709 3905 hic
1730 3869 1840 3905 este

823 3939 1008 3998 aptum
1031 3928 1269 3991 Junoni,
1300 3936 1361 3980 ut
1397 3927 1536 3996 apud
1576 3926 1756 3983 Cicer..
1773 3926 1839 3982 de

828 4009 981 4065 Orat.
1006 4008 1064 4075 Ι,
1091 4008 1181 4061 231
1202 4047 1218 4074 ,
1242 4010 1412 4060 calcei
1425 4010 1634 4060 habiles.

896 4086 1010 4138 532.
1049 4087 1335 4139 Paeonibus
1355 4089 1529 4152 pictis.
1566 4085 1674 4138 Pro
1687 4087 1846 4151 pertis

834 4164 1049 4233 quidam
1056 4166 1281 4233 juncte),
1312 4165 1456 4235 quod
1480 4167 1648 4237 placet
1672 4166 1848 4219 Hein-

832 4243 942 4312 sio;
982 4242 1077 4297 sed
1099 4244 1442 4299 Burmannus
1463 4255 1609 4299 recte
1628 4253 1812 4299 monet
1828 4283 1843 4307 ‚

1889 1268 2260 1340 repetitionem
2281 1265 2441 1338 hujus
2457 1267 2696 1322 vocabuli
2712 1287 2848 1323 vers.
2869 1289 2910 1323 s.

1891 1347 2131 1402 adserere
2149 1348 2286 1418 vulg.
2303 1374 2371 1388 --
2388 1347 2567 1402 Nostri
2589 1346 2742 1417 Regii
2760 1387 2776 1413 ,
2802 1352 2913 1416 μὶ·-

1890 1434 1977 1482 tis.
2002 1455 2072 1470 —
2100 1431 2226 1483 Tem
2248 1447 2405 1496 nuper
2413 1434 2575 1497 prk-tels·
2597 1438 2695 1483 etc.
2722 1428 2792 1483 In
2814 1428 2920 1483 boc

1891 1508 2112 1561 transitu
2136 1548 2151 1574 ‚
2187 1508 2244 1560 in
2284 1525 2390 1577 quo
2424 1504 2712 1560 similitudo
2754 1505 2917 1577 paulo

1894 1586 2044 1639 altius
2068 1586 2290 1655 repetita
2314 1595 2393 1639 est
2411 1624 2427 1651 ,
2460 1605 2561 1639 nec
2585 1585 2794 1655 placere
2817 1603 2919 1655 po-

1894 1674 1996 1718 test
2015 1664 2198 1718 lectori
2224 1675 2444 1718 eventus
2467 1663 2655 1717 sabula
2678 1682 2917 1733 occupa-

1897 1754 2009 1809 tus,
2048 1752 2207 1812 atque
2251 1742 2384 1796 adeo
2421 1742 2476 1795 in
2522 1741 2629 1794 fine
2665 1760 2780 1795 non
2820 1740 2920 1794 nisi

1896 1839 2007 1874 uno
2030 1839 2183 1874 versu
2207 1822 2472 1889 repetitus.
2497 1819 2581 1874 De
2610 1820 2748 1889 picta
2767 1838 2921 1890 pavo·

1897 1916 2032 1950 num
2050 1896 2216 1951 cauda
2231 1895 2348 1950 vide
2371 1897 2398 1950 1
2417 1936 2433 1963 ,
2461 1898 2572 1967 723·
2595 1923 2665 1936 —
2688 1899 2920 1963 Quanta

1898 1994 2055 2043 nuper
2072 1994 2201 2028 eras.
2228 1973 2435 2028 Corvus
2454 1975 2605 2028 initio
2621 1974 2724 2028 suit
2736 1973 2924 2028 candi-

1901 2052 2028 2119 dus,
2061 2053 2153 2106 sed
2179 2071 2346 2122 quum
2366 2053 2479 2121 eius
2504 2051 2702 2106 indicio
2729 2051 2921 2122 Apollo

1901 2131 2228 2202 cognovisset
2254 2130 2527 2184 Coronida
2549 2129 2775 2185 amicam
2799 2148 2923 2184 cum

1903 2208 2004 2263 alio
2043 2209 2276 2278 quodam
2302 2211 2497 2278 juvene
2532 2227 2651 2262 rem
2689 2208 2888 2262 babere
2905 2247 2921 2274 ,

1904 2307 2126 2357 eamq-ue
2150 2287 2347 2358 sagittis
2374 2287 2755 2354 interfecisset,
2781 2305 2924 2357 pue-

1903 2383 2132 2434 rumque
2168 2364 2530 2434 AEsculapinm
2566 2365 2736 2417 exciso
2771 2373 2923 2417 utero

1905 2443 2203 2498 extraxisset
2217 2483 2232 2511 ,
2255 2442 2562 2512 poenitentia
2576 2440 2767 2495 ductus
2781 2480 2796 2509 ,
2813 2460 2923 2495 eor·

1907 2541 2037 2575 vum
2069 2522 2328 2587 indicem,
2363 2519 2460 2574 sibi
2496 2518 2689 2588 aliquid
2725 2519 2923 2589 premii

1909 2611 2231 2671 sperantem,
2250 2598 2442 2653 exalbo
2452 2597 2666 2670 nigrum
2678 2597 2817 2651 fecit.
2827 2600 2924 2652 Ed.

1909 2708 1979 2721 -
1990 2681 2130 2734 Alas
2142 2679 2405 2745 nominat,
2417 2688 2469 2732 et
2485 2676 2712 2731 omnino
2729 2695 2926 2747 pennas

1913 2757 2220 2828 plumasque
2235 2718 2485 2825 ‚intelligit
2503 2759 2797 2822 wimales,
2835 2752 2925 2806 ni-

1915 2855 2061 2926 gras:
2075 2840 2284 2889 aarum
2300 2839 2355 2886 ιἰι
2375 2836 2494 2889 alas
2515 2837 2798 2899 suff-aulen
2816 2850 2928 2885 ver-

1917 2915 2047 2967 titur
2065 2913 2167 2979 sic,
2203 2921 2261 2965 ut
2283 2912 2375 2967 ale
2402 2911 2715 2979 nigrescant.

1984 2992 2099 3046 536.
2122 2989 2377 3058 Namfm'l
2402 2999 2499 3043 etc.
2532 2990 2706 3043 Aliles
2731 3007 2796 3041 ex
2816 2987 2925 3040 dis-

1918 3070 2111 3141 ciplina
2168 3087 2428 3138 augurum
2470 3066 2782 3120 dicebantur
2819 3084 2926 3119 aves

1923 3148 2194 3219 augurales
2218 3148 2446 3215 maiores
2464 3185 2480 3211 ‚
2515 3145 2573 3198 in
2598 3144 2790 3214 quibus
2809 3161 2927 3198 cor-

1923 3247 2019 3282 vus
2035 3267 2053 3293 ‚
2077 3231 2189 3280 ales
2210 3227 2471 3279 Phebaeius
2495 3223 2654 3294 (vers.
2680 3220 2809 3292 545)
2837 3223 2868 3276 i.
2889 3241 2930 3274 e.

1927 3305 2160 3376 Apollini
2192 3323 2339 3358 sacer
2372 3314 2427 3358 et
2460 3311 2665 3373 gratus,
2704 3301 2766 3353 in
2793 3300 2933 3369 cujus

1926 3384 2088 3437 etiam
2107 3400 2306 3436 corona
2319 3380 2598 3436 sedentem
2619 3378 2834 3432 nmnmi
2851 3396 2936 3431 ex-

1928 3460 2127 3517 hibent.
2154 3462 2380 3516 Candeide’
2398 3458 2573 3524 corvi,
2601 3457 2764 3511 etiam
2785 3453 2934 3509 hodie

1928 3542 2231 3609 frequentes
2249 3540 2590 3610 reperiuntur
2610 3536 2667 3590 in
2690 3535 2842 3589 terris
2855 3535 2938 3589 bo-

1931 3618 2188 3681 realibus3
2228 3636 2400 3685 neque
2425 3627 2606 3673 tamen
2629 3613 2704 3669 illi
2736 3614 2834 3665 toti
2855 3613 2937 3666 al·-

1933 3694 2096 3761 bent,
2131 3692 2224 3748 sed
2260 3693 2413 3761 nigro
2454 3692 2616 3747 colori
2653 3689 2939 3745 admixtum

1934 3772 2133 3826 habent
2157 3770 2441 3827 candidum
2464 3790 2478 3825 ε
2511 3770 2631 3824 vide
2654 3771 2940 3825 Mulierum

1925 3850 2005 3913 ‚ad
2034 3851 2228 3905 Linnei
2249 3850 2391 3923 Syst.
2419 3851 2540 3904 Nat.
2570 3858 2608 3903 t.
2631 3847 2721 3917 ΙΙ,
2760 3868 2809 3917 p.
2842 3870 2944 3918 ¹¹7¹·

1935 3932 2048 3988 Sed
2069 3931 2228 3999 olim,
2251 3950 2315 3985 ex
2336 3929 2587 4001 opinione
2611 3937 2784 3999 poete
2799 3966 2815 3993 ,
2839 3926 2944 3980 hec

1939 4011 2043 4063 ales
2059 4018 2172 4063 erat
2189 4012 2345 4061 urbeis
2364 4013 2600 4075 argentea
2609 4010 2795 4073 pennis·
2807 4044 2821 4067 ,
2848 4002 2882 4055 i.
2902 4022 2944 4056 e.

1938 4089 2107 4143 niveo
2127 4106 2222 4141 seu
2246 4085 2480 4140 candida
2503 4085 2618 4153 ejus
2641 4101 2831 4153 penne
2862 4102 2951 4136 re-

1935 4167 2181 4221 ferebant
2197 4165 2428 4219 colorem
2451 4163 2674 4234 argenti.
2704 4162 2808 4216 sic.
2838 4161 2948 4227 111,

1944 4244 2043 4310 406
2067 4262 2086 4297 ι
2105 4246 2284 4299 nilide?
2301 4249 2564 4312 amentem
2581 4243 2749 4296 nudie.
