3217 5134
883 789 1788 939 PRAEFATIO

340 1040 502 1128 DE
569 1040 988 1128 OPERE
1058 1041 2364 1157 METAMORPHOSEON,

546 1262 1018 1327 AUCTORE
1056 1263 1406 1327 GOTTL.
1451 1267 1733 1330 ERDM.
1787 1268 2179 1333 GIERIG.

285 1760 481 1866 RES
514 1787 1139 1891 antiquissimorum
1169 1788 1550 1865 Graecorum
1567 1790 1773 1866 ferme
1795 1820 2062 1882 omnes,
2084 1791 2425 1866 civitatum

287 1922 612 2019 origines,
641 1920 777 1995 fat'a
800 1937 869 1995 et
886 1919 1059 1995 facta
1077 1920 1360 1995 heroum
1373 1979 1393 2011 ,
1412 1922 1849 2025 Deorumque
1867 1923 2224 2020 religiones
2237 1980 2256 2014 ,
2278 1923 2432 2025 phi-

287 2051 757 2155 losophemata
787 2052 985 2127 etiarn
1003 2108 1022 2142 ,
1054 2079 1261 2153 quum
1282 2108 1302 2141 ,
1335 2053 1510 2126 utin
1535 2052 1690 2127 rudi
1719 2073 1915 2150 gente
1939 2055 2103 2128 etin
2128 2082 2432 2132 sermone

287 2186 593 2261 nondum
627 2183 894 2261 exculto
917 2242 936 2276 ,
968 2184 1220 2287 fabulis
1261 2202 1485 2260 essent
1527 2184 1842 2261 involutae
1862 2242 1883 2277 ,
1935 2187 2137 2289 primi
2169 2205 2384 2290 poetae
2410 2246 2429 2277 ,

284 2319 416 2418 jam
455 2335 612 2393 ante
649 2319 1019 2392 Homerum
1051 2335 1120 2393 et
1147 2317 1560 2408 Hesiodum,
1607 2318 1692 2392 iis
1723 2320 1898 2392 varie
1933 2320 2292 2393 tractandis
2331 2321 2436 2394 in-

292 2450 481 2546 genia
538 2466 1020 2538 exercuerunt;
1076 2449 1455 2552 horumque
1514 2449 1798 2545 vestigia
1858 2469 2245 2551 presserunt
2300 2469 2434 2526 tam

294 2586 538 2686 quibus
570 2602 809 2687 postea
843 2584 1243 2680 theogonias
1275 2602 1476 2684 atque
1517 2585 1986 2679 cosmogonias
2034 2614 2430 2686 componere

288 2717 537 2818 placuit
557 2772 578 2807 ,
616 2744 818 2817 quam
847 2715 963 2816 qui
989 2712 1238 2816 Cyclici
1263 2712 1426 2787 dicti
1448 2729 1627 2787 sunt.
1659 2715 1880 2815 Lyrici
1914 2716 2110 2790 etiam
2137 2718 2425 2819 hymnos

290 2850 357 2922 in
390 2850 577 2924 Deos
603 2847 969 2949 laudesque
1002 2846 1288 2921 heroum
1315 2845 1564 2921 fabulis
1596 2866 2043 2938 exornarunt,
2072 2867 2139 2924 et
2160 2851 2430 2946 Tragici

291 2980 660 3057 dramatum
708 3007 989 3053 suorum
1037 2995 1426 3075 argumenta
1472 2978 1632 3054 inde
1663 2980 2074 3081 repetierunt
2106 2982 2430 3056 certatim.

289 3115 518 3216 Neque
560 3130 915 3215 poetarum
963 3111 1253 3207 ingeniis
1285 3108 1451 3186 solis
1479 3110 1698 3214 ampla
1744 3110 1860 3186 illa
1887 3115 2160 3188 materia
2194 3132 2297 3189 est
2327 3144 2434 3191 re-

292 3245 469 3338 licta;
508 3247 632 3323 sed
667 3263 821 3321 ante
852 3262 921 3320 et
951 3245 1126 3319 circa
1145 3242 1322 3319 bella
1347 3273 1500 3320 cum
1524 3244 1747 3319 Persis
1783 3261 1968 3341 gesta
1999 3247 2395 3322 exstiterunt
2413 3306 2432 3337 ,

295 3381 434 3482 qui,
466 3398 550 3456 ut
571 3378 792 3477 gentis
813 3405 950 3452 suae
975 3376 1270 3473 origines
1295 3376 1691 3466 conderent,
1718 3375 1981 3451 fabulas
2002 3375 2180 3468 illas,
2206 3378 2433 3479 quales

294 3533 476 3590 erant
508 3544 549 3588 a
577 3512 952 3614 majoribus
987 3510 1279 3600 traditae,
1316 3508 1774 3584 voluminibus
1801 3508 2432 3611 complecterentur3

294 3650 361 3723 in
399 3649 653 3752 quibus
688 3645 1121 3735 Pherecides,
1155 3641 1511 3719 Acusilaus
1547 3643 1879 3739 Argivus,
1915 3646 2260 3719 Hecataeus
2295 3645 2434 3719 Mi-

289 3780 512 3870 lesius,
534 3798 606 3857 et
621 3777 1020 3854 Hellanicus
1034 3774 1511 3851 inclaruerunt.
1537 3772 1728 3847 Illam
1740 3803 1899 3849 vero
1921 3773 2298 3853 fabularum
2316 3806 2436 3851 an-

286 3915 575 4017 tiquitus
610 3911 1009 3988 traditarum
1054 3907 1489 4004 farraginem,
1529 3935 1662 4008 qua
1709 3925 1852 3981 tum
1900 3909 2118 3984 omnis
2151 3909 2435 3985 historia

284 4076 499 4144 graeca
546 4044 1062 4132 continebatur,
1097 4069 1221 4116 nec
1253 4039 1489 4115 seriori
1526 4057 1826 4141 tempore
1861 4042 2282 4142 abjecerunt,
2319 4046 2438 4147 qui

282 4207 509 4255 rerum
539 4207 580 4251 a
615 4176 832 4273 gentis
868 4203 1001 4249 suae
1034 4173 1420 4248 auctoribus
1454 4189 1786 4268 gestarum
1821 4173 2151 4248 mem'oriae
2187 4204 2436 4251 consu-
2513 4198 2518 4203 ·

282 4312 417 4390 lere
454 4309 836 4387 voluerunt.
870 4308 1011 4382 Tot
1034 4305 1245 4402 igitur
1269 4305 1674 4408 scriptorum
1708 4305 1949 4384 studiis
1984 4305 2097 4381 illa
2126 4307 2274 4410 ipsa
2297 4309 2434 4385 far-

556 4441 718 4512 III.
2080 4464 2104 4505 ι
