3217 5134
817 567 938 637 172

1346 546 1429 612 P.
1507 544 1877 614 OVIDII
1935 545 2389 618 NASONIS

806 686 1022 757 Nocte
1052 681 1290 784 dieque
1318 701 1594 773 vocant3
1631 684 2237 787 adsternunturque
2273 685 2600 789 sepulcro.

811 801 1005 874 Luna
1042 818 1278 902 quater
1303 801 1551 901 junctis
1585 801 1898 904 implerat
1933 802 2256 877 cornibus
2287 805 2565 879 orbem:

807 915 953 990 Illae
983 945 1169 992 more
1201 946 1360 1007 suo,
1398 947 1553 994 nam
1584 947 1841 994 morem
1874 919 2120 995 fecerat
2144 949 2309 995 usus
2328 977 2348 1010 ,

2856 943 2951 1013 ³45

812 1031 1215 1130 Plangorem
1253 1035 1570 1110 dederant
1598 1065 1615 1109 :
1649 1065 1685 1110 e
1722 1036 1909 1136 queis
1943 1037 2276 1112 Phaetusa
2309 1066 2619 1112 sororum

815 1150 1111 1225 Maxima
1132 1208 1151 1241 ,
1190 1181 1398 1254 quum
1430 1150 1630 1227 vellet
1664 1170 1851 1226 terrae
1883 1154 2358 1253 procumbere,
2378 1157 2629 1258 'questa
2658 1171 2764 1229 est

813 1265 1189 1363 Diriguisse
1220 1268 1426 1370 pedes
1454 1299 1470 1342 2
1501 1267 1584 1342 ad
1620 1296 1819 1368 quam
1853 1286 2093 1342 conata
2124 1268 2348 1344 venire

818 1383 1120 1459 Candida
1151 1385 1524 1486 Lampetie,
1563 1384 1789 1473 subita
1818 1384 2038 1459 radice
2069 1401 2328 1459 retenta
2359 1401 2480 1459 est.

812 1500 1074 1590 Tertia,
1116 1531 1325 1603 quum
1352 1503 1601 1576 crinem
1634 1501 1947 1575 manibus
1974 1499 2222 1578 laniare
2253 1519 2559 1604 pararet,
2861 1522 2953 1576 350

811 1618 1064 1694 Avellit
1096 1619 1419 1696 frondes:
1451 1619 1590 1694 haec
1627 1619 1852 1721 stipite
1888 1647 2085 1694 crura
2123 1618 2331 1694 teneri
2351 1675 2371 1708 ,

812 1735 942 1811 Illa
976 1735 1159 1811 dolet
1191 1736 1334 1812 fieri
1371 1736 1616 1833 longos
1647 1765 1768 1811 sua
1800 1735 2076 1811 brachia
2104 1764 2346 1811 ramos.

816 1853 1133 1954 Dumque
1169 1883 1244 1929 ea
1273 1853 1635 1942 mirantum
1675 1850 2143 1953 complectitur
2163 1849 2442 1951 inguina
2468 1866 2701 1925 cortex
2726 1878 2748 1939 ;

815 1970 1077 2071 Perque
1101 1968 1346 2066 gradus
1372 1986 1659 2058 uterum,
1680 1985 2071 2070 pectusque,
2091 1968 2564 2068 humerosque,
2592 1994 2954 2069 manusque

810 2086 1088 2175 Anubin
1122 2104 1189 2161 et
1223 2087 1572 2161 exstabant
1606 2104 1867 2160 tantum
1899 2113 2016 2160 ora
2045 2085 2350 2160 vocantia
2381 2103 2681 2161 matrem·

2861 2105 2956 2162 355

814 2204 1003 2302 Quid
1033 2203 1232 2279 faciat
1263 2222 1501 2290 mater,
1537 2203 1701 2293 nisi,
1738 2232 1875 2304 quo
1915 2203 2135 2279 trahat
2163 2203 2452 2305 impetus
2485 2202 2702 2294 illam,

812 2330 969 2402 Huc
1003 2344 1147 2419 eat,
1189 2345 1389 2429 atque
1422 2325 1619 2416 illuc;
1653 2344 1755 2416 et,
1791 2326 1953 2402 dum
1986 2325 2178 2416 licet,
2217 2327 2449 2402 oscula
2473 2328 2769 2428 jungat?

809 2453 968 2526 Non
1005 2449 1165 2525 satis
1199 2466 1301 2524 est
1334 2478 1350 2524 :
1385 2450 1640 2524 truncis
1673 2449 1948 2525 avellere
1987 2479 2268 2553 corpora
2297 2468 2544 2541 tentat3

813 2575 906 2649 Et
941 2591 1206 2648 teneros
1240 2572 1549 2647 manibus
1583 2602 1806 2649 ramos
1841 2575 2236 2676 abrumpere
2266 2604 2282 2649 ε
2313 2592 2383 2650 at
2415 2574 2570 2649 inde
2673 2580 2682 2587 ’

815 2697 1205 2795 Sanguineae
1234 2714 1507 2771 manant
1526 2754 1545 2787 ,
1577 2714 1894 2799 tanquam
1928 2697 2009 2772 de
2039 2696 2340 2789 vulnere,
2380 2716 2605 2794 guttae.

2862 2720 2956 2775 360

819 2856 856 2889 «
897 2825 1135 2914 Parce,
1172 2851 1445 2925 precor,
1480 2840 1722 2913 mater,
1767 2851 2196 2925 quaecumque
2230 2841 2332 2898 est
2362 2825 2581 2898 saucia
2616 2822 2895 2915 clamat3

817 2980 857 3015 »
896 2948 1139 3038 Parce,
1175 2976 1448 3050 precor;
1484 2965 1795 3022 nostrum
1834 2946 2122 3024 laniatur
2155 2948 2230 3022 in
2263 2949 2499 3024 arbore
2530 2942 2782 3051 corpus
2816 2981 2833 3027 :

815 3156 899 3211 68.
938 3155 1087 3210 Hinc
1109 3156 1324 3210 AEneid.
1350 3158 1376 3211 l
1395 3197 1412 3224 ,
1440 3178 1572 3232 219,
1609 3177 1705 3213 nec
1720 3160 1841 3227 jam

813 3238 1056 3290 exaudire
1075 3242 1287 3289 vocatos
1301 3276 1316 3300 ,
1344 3247 1585 3291 mortuos
1606 3257 1732 3291 esse.

881 3316 994 3383 344.
1023 3316 1175 3368 Luna
1196 3322 1376 3384 quater
1392 3327 1491 3370 etc.
1528 3318 1722 3370 Luctus
1744 3336 1842 3386 per

813 3404 1022 3450 certum
1059 3406 1271 3466 tempus
1297 3435 1314 3464 ,
1359 3395 1521 3465 idque
1568 3396 1840 3450 interdum

818 3475 941 3531 satis
961 3474 1182 3547 longum
1203 3515 1219 3543 ‚
1250 3474 1472 3528 durabat
1489 3514 1504 3543 ,
1528 3493 1676 3528 nunc
1698 3494 1840 3545 qua-

812 3564 939 3608 tuor
963 3574 1172 3609 menses
1188 3594 1203 3623 ,
1231 3552 1376 3623 quod
1398 3553 1600 3622 poetice
1626 3572 1837 3623 expres-

812 3649 931 3684 sum
949 3653 963 3697 3
979 3631 1082 3686 vid.
1096 3631 1161 3685 ad
1177 3650 1308 3685 vers.
1324 3632 1436 3698 453.
1452 3630 1492 3684 J
1493 3649 1580 3684 am
1593 3633 1842 3685 transfor-

812 3711 1075 3765 mationes
1100 3731 1197 3782 per
1219 3722 1392 3781 partes
1418 3730 1599 3765 rursus
1632 3711 1860 3771 descri··.

812 3789 909 3844 bit.
936 3787 1023 3844 Cf.
1048 3790 1104 3858 I,
1127 3791 1362 3857 548-552
1384 3812 1399 3855 ς
1424 3792 1505 3845 lx
1524 3830 1540 3859 ,
1568 3791 1838 3857 351-3583

815 3867 872 3921 X
888 3907 905 3934 ‚
946 3869 1199 3940 489-500.
1241 3868 1348 3922 Sed
1394 3867 1580 3922 Claud.
1621 3884 1804 3921 xxvm
1820 3907 1837 3936 ,

818 3946 930 4013 164,
948 3946 1110 4000 alium
1122 3945 1371 4020 mythum
1384 3947 1714 4016 sequitur,ex
1733 3965 1839 4016 quo

813 4022 1068 4079 Heliades
1085 4044 1210 4080 cum
1226 4024 1464 4079 Eridano
1477 4035 1532 4081 et
1550 4023 1740 4098 Cycno
1755 4025 1842 4079 in-

814 4109 901 4154 ter
923 4101 1094 4157 sidera
1116 4103 1311 4159 relatae.

881 4179 994 4252 349.
1025 4184 1287 4247 Candida,
1315 4181 1559 4253 pulchra,
1589 4184 1840 4252 frequens

815 4257 1114 4328 puellarum
1137 4262 1424 4331 epitheton.
1459 4292 1527 4304 —
1550 4264 1729 4317 Sama
1748 4280 1838 4314 ra-

807 4340 923 4392 dt'ce
940 4377 958 4407 ,
1021 4337 1078 4392 in
1120 4356 1279 4409 quam
1315 4339 1480 4410 pedes
1517 4341 1633 4410 eius
1664 4340 1839 4395 subito

1939 3159 2131 3213 mutati
2161 3167 2300 3213 sunt.
2327 3185 2395 3200 -
2437 3160 2612 3213 Terle'a
2639 3159 2750 3215 aliis
2771 3160 2924 3233 AEgie
2941 3202 2957 3230 ‚

1938 3239 2050 3294 aliis
2072 3239 2272 3293 Phoebe
2295 3250 2387 3293 est.

2004 3317 2119 3370 356.
2156 3319 2365 3369 Tmbat.
2395 3314 2617 3372 Codices
2642 3320 2815 3373 nostri
2847 3327 2959 3374 Ira-

1937 3397 2018 3448 bit
2030 3435 2045 3459 ‚
2074 3394 2216 3463 quod
2235 3394 2573 3463 praetulerim.
2591 3398 2690 3449 Ed.
2707 3425 2779 3437 —
2798 3400 2962 3468 Impe-

1936 3480 2056 3535 tus,-
2079 3488 2226 3526 nunc
2250 3474 2549 3544 oppositum
2571 3475 2798 3544 rationi,
2833 3495 2963 3529 con·-

1936 3554 2051 3608 silio
2077 3593 2092 3621 ,
2138 3554 2384 3607 affectum
2422 3565 2475 3608 et
2507 3556 2962 3625 perturbationem

1938 3633 2100 3687 animi
2127 3632 2590 3688 vehementiorem
2621 3633 2858 3701 indicat3
2897 3631 2961 3686 de

1937 3730 2000 3765 ea
2032 3721 2174 3765 recte
2205 3714 2414 3763 trahere.

2025 3793 2138 3864 359.
2189 3792 2509 3860 Abmmpere.
2556 3790 2745 3847 Nostri
2792 3788 2961 3846 codd.

1938 3874 2202 3938 abrumpit.

2003 3947 2118 4001 351.
2140 3949 2305 4000 Parte
2317 3964 2513 4015 precor.
2536 3955 2633 4000 etc.
2663 3944 2756 4000 Sic
2781 3943 2964 4017 virgil,

1937 4025 2152 4080 AEneid.
2183 4026 2303 4093 111,
2349 4026 2406 4092 4¹
2452 4045 2467 4078 ε
2524 4027 2666 4093 Quid
2693 4030 2958 4087 matema,

1935 4108 2104 4159 AEaeea
2121 4146 2135 4170 ‚
2160 4109 2359 4158 laceras
2372 4109 2401 4160 ?
2407 4105 2527 4173 jam
2544 4124 2706 4171 parce
2728 4109 2960 4175 sepultos

1934 4185 2098 4238 Parce
2107 4188 2232 4252 pias
2251 4186 2497 4237 scelerare
2521 4202 2720 4236 manus.

2002 4263 2115 4319 352.
2141 4265 2407 4317 laniatur.
2435 4261 2609 4318 codd.
2633 4263 2807 4334 Regii,
2823 4267 2964 4318 lace-

1935 4346 2091 4395 ratur.
2128 4368 2197 4384 —·
2222 4342 2406 4395 Cortex
2436 4346 2492 4395 e'n
2510 4345 2663 4395 verba
2689 4346 2961 4397 mvelt-seha
