3217 5134
568 0 773 8 ᾑ--ηὴ-νν
794 2 829 5 ἠ
874 0 1055 8 -Ϋῂ-μ-Ἴή
1072 0 1241 8 *τῆ-.-

636 581 1678 655 METAMORPHosEoN
1735 585 1934 656 ΜΒ.
1991 586 2049 654 1.
2321 585 2413 678 69

270 720 596 819 Ingemit3
634 742 701 798 et
722 779 740 812 ,
777 724 954 797 facto
983 723 1283 798 nondum
1316 724 1583 821 vulgata
1610 727 1860 801 recenti
1884 780 1908 818 ,

271 839 476 914 Foeda
508 840 852 942 Lycaoniae
885 841 1176 914 referens
1209 841 1510 914 convivia
1538 869 1781 916 mensae
1806 897 1826 929 ,
2266 939 2271 948 .
2318 861 2413 915 165

274 957 591 1051 Ingentes
618 955 839 1030 animo
880 974 948 1029 et
979 956 1216 1052 dignas
1240 958 1409 1030 Jove
1446 955 1745 1057 concipit
1771 955 1904 1029 iras
1927 981 1945 1042 3
2266 947 2275 956 ⁶

277 1072 796 1174 Conciliumque
829 1089 1017 1147 vocat
1053 1103 1067 1145 ε
1101 1074 1316 1146 tenuit
1348 1102 1532 1148 mora
1566 1072 1753 1148 nulla
1785 1090 2078 1148 vocatos.

372 1193 502 1266 Est
530 1192 635 1264 via
666 1189 973 1264 sublimis
994 1246 1013 1278 ‚
1049 1188 1207 1263 eaelo
1240 1189 1584 1264 manifesta
1620 1217 1853 1264 sereno
1876 1245 1896 1278 ,

273 1307 513 1381 Lactea
546 1333 790 1379 nomen
822 1304 1058 1393 habet3
1096 1305 1381 1381 candore
1416 1304 1736 1380 notabilis
1771 1305 1942 1408 ipso.

277 1425 420 1498 Hac
456 1424 583 1497 iter
615 1439 717 1496 est
747 1421 1020 1523 Superis
1056 1422 1139 1496 ad
1166 1422 1396 1519 magni,
1423 1439 1595 1497 tecta
1624 1422 1953 1496 Tonantis
1974 1476 1995 1509 ‚
2320 1459 2414 1513 170

275 1607 507 1661 multum
521 1605 721 1676 ingenii
742 1603 986 1659 ostendit.
1004 1604 1170 1659 Poeta
1183 1623 1296 1658 non

274 1687 381 1757 ipse
409 1695 626 1750 narrat,
665 1682 792 1753 q'uid
819 1683 1029 1755 Lycaon
1059 1683 1296 1736 commi-

274 1763 432 1830 serit,
484 1761 574 1817 sed
614 1762 808 1815 Jovem
846 1761 962 1815 Diis
997 1761 1294 1815 convocatis

274 1850 583 1895 narrantem
620 1838 822 1892 inducit
857 1857 870 1892 :
905 1858 1022 1909 quae
1057 1839 1297 1893 inventio

275 1918 441 1971 multa
461 1927 779 1971 ornamenta
801 1917 1015 1986 peperit.
1042 1917 1132 1972 Sic
1149 1917 1295 1971 enim

273 2017 542 2052 consessus
565 1997 808 2050 Deorum
829 2036 844 2064 ,
886 1996 1134 2066 ,Iovisque
1168 2016 1294 2050 ma·-

274 2079 431 2146 jestas
459 2076 712 2145 describi,
748 2087 910 2146 atque
939 2078 1107 2130 oratio
1138 2095 1295 2131 com-

274 2166 422 2207 mota
451 2154 614 2208 intexi
638 2164 860 2224 poterat.
893 2182 961 2195 —
986 2152 1192 2208 Caelum
1218 2173 1295 2206 vr.

273 2251 372 2284 art
396 2234 598 2292 nundi,
644 2250 742 2283 ars
775 2235 917 2298 cali,
952 2250 1097 2285 arces
1125 2236 1295 2300 fgneae.

274 2309 414 2363 vide
433 2309 696 2366 Brouckh.
716 2308 782 2363 ad
793 2303 1038 2380 Propert.
1052 2311 1134 2365 111
1150 2349 1166 2376 ,
1191 2326 1262 2363 111
1277 2352 1293 2378 ‚

276 2391 355 2443 53.
385 2390 451 2443 ln
474 2410 671 2443 summa
692 2410 810 2443 arce
826 2389 1014 2444 domus
1032 2390 1181 2444 Jovis
1199 2392 1299 2446 suit

275 2468 363 2533 11,
406 2465 538 2536 306,
575 2486 693 2538 quoe
719 2478 773 2521 et
805 2468 914 2538 ipsa
935 2487 1037 2521 arx
1064 2488 1140 2522 vr.
1163 2487 1296 2522 vers.

273 2548 372 2618 673
399 2589 416 2617 ,
452 2548 599 2602 unde
638 2548 853 2618 despicit
891 2560 1072 2603 terras.
1107 2549 1296 2620 Virgil.

271 2625 400 2679 AEn.
425 2626 453 2679 1
468 2666 483 2692 ‚
513 2626 626 2679 223.
652 2625 811 2696 Apud
837 2627 1061 2679 Homer.
1081 2626 1297 2697 Jupiter

271 2705 316 2755 ι’»
340 2704 572 2780 ἄκρααὶ-τῇ
596 2715 764 2779 κορυφῇ
791 2701 1011 2774 Olympi
1037 2701 1254 2755 habitat.

338 2782 452 2834 165.
484 2783 641 2836 Faeda
671 2784 1056 2854 Lscaom’ae.......
1095 2801 1292 2835 mense.

269 2863 453 2913 Foedos
465 2864 635 2913 vti-tus
648 2857 713 2913 de
728 2878 884 2913 carne
904 2857 1136 2913 humana
1153 2857 1292 2930 apud

268 2937 460 2991 Horat.
481 2937 550 2991 A.
566 2938 628 2992 Ρ.
646 2938 759 3010 39²⁶
779 2945 942 2992 Ou‘uoev
967 2939 1129 3014 ἀγρίαν
1147 2946 1293 3013 θηρῶν

268 3028 417 3071 vocat
437 3015 623 3084 Eurip.
648 3015 779 3069 Hec.
806 3034 894 3083 ¹07
906 3035 945 3070 1.
966 3015 1048 3070 Ut
1065 3014 1149 3069 hic
1168 3034 1293 3069 con-

268 3099 400 3148 n’ria
420 3095 696 3165 Lycaonio
711 3112 897 3146 mensa·
909 3132 924 3159 ,
949 3092 1024 3147 sic
1038 3092 1178 3163 apud
1192 3093 1292 3146 Lu·

270 3189 384 3225 can.
428 3191 490 3225 ex
527 3171 822 3225 imitatione
848 3171 1031 3225 Nostri
1060 3175 1294 3225 convivia

275 3255 617 3324 Ganymeden
647 3271 856 3314 mense,
892 3262 947 3305 et
981 3250 1120 3321 apud
1145 3252 1294 3306 Nos-

270 3343 416 3387 trum
441 3334 580 3399 XV,
631 3334 887 3403 Thyestea
919 3350 1106 3384 mensoe
1122 3371 1136 3393 .
1181 3348 1294 3384 non

271 3412 451 3467 minus
466 3413 554 3466 illa
573 3410 710 3465 sceda
721 3451 736 3478 ‚
763 3430 923 3481 quam
937 3410 1215 3483 Lycaonia.
1227 3435 1296 3452 ·--

269 3492 519 3561 Beseaens
535 3510 552 3543 .·
568 3490 755 3559 quibus
773 3488 797 3542 ?
811 3489 956 3543 Deos
973 3500 1153 3559 postea
1167 3507 1295 3543 con-

269 3579 437 3623 vocat.
484 3567 635 3622 th
667 3578 821 3638 poeta
852 3566 998 3621 dedit
1031 3574 1258 3635 repetens
1275 3605 1292 3633 ,

267 3649 368 3702 sibi
391 3650 450 3701 in
477 3647 797 3701 memoriam
823 3646 1114 3700 revocans?
1153 3646 1293 3700 Plin.

267 3727 384 3795 111,
414 3727 516 3796 Ep.
542 3729 597 3790 5,
633 3725 707 3779 16.
734 3723 873 3779 Rod.
906 3725 1082 3778 omisit
1104 3724 1159 3777 in
1183 3742 1295 3777 ver-

263 3805 517 3859 sione.—-
531 3807 690 3858 Facto
701 3806 901 3864 recenti,
925 3813 984 3856 ut
1005 3800 1124 3855 alibi
1139 3821 1193 3854 re
1213 3819 1299 3853 re-

263 3888 420 3938 centi.
427 3884 885 3951 -Concfpe‘am'mo
895 3879 1164 3948 dicuntur,
1178 3897 1295 3949 quae

263 3962 525 4016 oriuntur
542 3962 596 4015 in
624 3961 834 4028 animo,
860 3971 920 4014 ut
945 3960 1020 4012 ira
1037 3999 1052 4027 ,
1078 3959 1244 4013 furor.

343 4039 452 4093 166.
492 4042 726 4107 Ingentes
759 4043 946 4093 antino.
978 4037 1206 4092 Palatini
1238 4047 1296 4092 et

262 4119 356 4173 alii
375 4117 662 4184 nonnulli,
686 4121 922 4185 Ingentes
950 4120 1151 4169 animos
1168 4156 1183 4177 ‚
1221 4119 1296 4169 di·

257 4217 401 4267 ‘aas
442 4209 543 4252 etc.
603 4196 781 4252 Placet
824 4195 963 4250 Dan.
1011 4193 1201 4247 Heius.
1241 4202 1297 4246 et

263 4273 460 4327 Burin.
487 4273 613 4343 quia
640 4278 806 4326 anitm‘
822 4291 958 4343 saepe
973 4270 1134 4324 deira
1155 4268 1296 4322 dici-

267 4362 383 4421 tur,
405 4363 462 4408 et
476 4371 602 4408 cum
624 4358 706 4408 im
724 4352 1082 4424 conjungitur.
1100 4347 1297 4406 Melior

1395 1613 1472 1658 est
1506 1603 1745 1674 vulgata;
1786 1602 1949 1656 verbo
1974 1601 2122 1657 enim
2156 1607 2415 1671 concipere

1393 1685 1503 1738 sere
1515 1702 1724 1754 semper
1733 1683 1946 1737 additur
1954 1688 2125 1736 antino
2137 1694 2230 1736 aut
2241 1689 2414 1736 mente.

1395 1762 1534 1818 Vide
1554 1785 1667 1835 777,
1689 1764 1742 1818 ῙῙ
1758 1801 1773 1828 ,
1805 1783 1885 1832 77,
1900 1762 2020 1830 540,
2042 1764 2093 1816 X
2110 1801 2126 1829 ,
2152 1763 2265 1828 352,
2286 1763 2412 1829 XV,

1392 1840 1442 1894 6.
1468 1841 1547 1895 Ita
1572 1851 1627 1894 et
1652 1839 1789 1910 apud
1816 1840 1962 1909 Virg.
1988 1849 2041 1894 et
2065 1840 2205 1895 alios.

1464 1918 1572 1990 167.
1600 1921 1984 1988 ancillamque.
2012 1915 2153 1970 Cum
2177 1936 2260 1970 res
2283 1936 2413 1988 gra-

1393 1997 1469 2051 vis
1486 1998 1687 2069 agenda
1705 2009 1839 2052 esset
1857 2037 1873 2065 ,
1901 1996 2114 2066 Jupiter
2129 1997 2275 2050 Deos
2291 2015 2414 2050 con-

1389 2095 1579 2129 vocare
1617 2075 1821 2153 (ἆγορὴν
1851 2082 1901 2129 ete·
1937 2078 2124 2129 καλίσαι
2152 2072 2178 2144 )
2214 2074 2414 2128 solebat

1393 2152 1645 2223 (Homer.
1672 2154 1758 2220 11,
1783 2161 1840 2220 σ“,
1868 2174 1889 2206 1
1913 2164 2017 2220 ,8,
2043 2174 2107 2222 2,
2137 2178 2192 2220 υ,
2224 2155 2414 2223 4sqq.;

1394 2230 1579 2301 virgil.
1616 2230 1830 2284 AEneid.
1855 2232 1906 2284 X
1922 2270 1937 2296 ‚
1984 2251 2005 2284 1
2030 2269 2046 2297 ,
2079 2240 2133 2283 et
2154 2228 2331 2300 saepe)
2355 2231 2414 2283 in

1392 2308 1576 2378 primis
1592 2308 1873 2362 duodecim
1889 2327 2108 2380 magnos
2119 2348 2134 2374 ‚
2152 2307 2415 2378 quierant

1397 2385 1695 2442 Consiliarii
1720 2387 1899 2452 Jovis‚
1940 2397 1992 2441 et
2021 2388 2294 2440 Consentes
2319 2384 2413 2439 di-

1390 2466 1660 2520 cebantur.
1678 2467 1864 2520 Senec.
1882 2466 2002 2520 Nat.
2015 2465 2216 2535 Quoest.
2231 2465 2307 2530 11,
2325 2465 2414 2531 4¹3

1392 2545 1595 2599 Arnob.
1623 2566 1666 2598 c.
1692 2545 1853 2599 Gent.
1879 2546 1996 2612 111,
2025 2566 2074 2615 p.
2106 2545 2216 2598 123.
2254 2545 2414 2597 Nune

1393 2634 1572 2676 autem
1595 2623 1756 2677 etiam
1785 2622 1974 2693 reliqui
2005 2623 2095 2675 Dii
2115 2661 2130 2686 ‚
2160 2620 2414 2675 audiendi

1392 2719 1542 2754 causa
1557 2740 1574 2768 ,
1601 2700 1896 2755 confluunt.
1917 2702 2102 2770 ltaque
2125 2718 2239 2752 non
2263 2698 2414 2752 facile

1393 2779 1689 2834 discernere
1704 2779 1820 2834 licet
1836 2820 1851 2846 ‚
1868 2790 2051 2833 utrum
2063 2782 2327 2832 consilium
2342 2796 2414 2831 an

1388 2862 1654 2913 concilium
1681 2858 1967 2930 legendum
2006 2858 2105 2921 sit3
2136 2876 2263 2911 nam
2286 2876 2412 2910 coa-

1387 2942 1556 2991 silium
1577 2947 1657 2992 est
1678 2955 1946 2991 consessus
1972 2935 2377 2990 deliberantium
2393 2975 2411 3001 ,

1387 3021 1655 3070 cone-ilem
1672 3014 2018 3069 audientium.
2036 3015 2177 3070 Vide
2196 3014 2415 3068 Ernesti

1392 3093 1539 3147 Clav.
1566 3091 1681 3147 Cic.
1704 3111 1814 3149 voc.
1834 3097 2101 3148 consilium
2116 3134 2130 3156 ‚
2157 3104 2213 3147 et
2225 3092 2415 3146 Burin.

1387 3174 1453 3229 ad
1476 3174 1528 3229 h.
1550 3175 1664 3228 1.-
1684 3177 1879 3229 Vocare
1891 3177 2157 3228 constitum
2176 3183 2268 3227 aut
2289 3192 2417 3227 con-

1389 3258 1562 3307 cilium
1578 3294 1591 3316 ‚
1620 3252 1822 3323 phrasis
1840 3253 2104 3307 solemnis.

1463 3332 1573 3405 169.
1595 3333 1793 3386 Laclea
1812 3351 1991 3386 nomen
2009 3335 2177 3386 kabel.
2202 3331 2286 3386 De
2310 3332 2416 3386 cir-

1391 3409 1510 3463 culo
1553 3409 1643 3463 illo
1678 3408 1903 3463 candido
1940 3411 1996 3463 in
2034 3408 2162 3463 celo
2185 3448 2201 3477 ,
2252 3426 2415 3479 quein

1390 3494 1617 3554 γαλαξίαν
1652 3496 1911 3542 vocarunt
1945 3486 2115 3540 Graeci
2137 3526 2154 3557 ,
2197 3490 2418 3540 lacteam

1391 3563 1567 3618 Latini
1583 3603 1599 3630 ,
1622 3565 1757 3617 mira
1771 3564 2041 3617 finxerunt
2055 3562 2297 3630 Veteres,
2316 3582 2418 3633 ope

1392 3641 1646 3696 tuborum
1673 3641 1969 3710 opticorum
1990 3639 2238 3694 destituti.
2275 3640 2418 3695 Vide

1392 3719 1701 3774 Mam-obdu
1724 3720 1910 3773 Somn.
1936 3720 2075 3790 Scip.
2104 3720 2130 3773 1
2149 3759 2165 3786 ,
2195 3740 2251 3773 12
2270 3758 2287 3787 ‚
2320 3725 2377 3774 15
2404 3741 2424 3786 3

1392 3797 1578 3852 Manil.
1601 3798 1816 3852 Astron.
1847 3799 1907 3865 Ι,
1934 3799 2043 3868 748.
2398 3815 2406 3828 ·

1462 3896 1576 3947 170.
1604 3880 1866 3931 Tonantis.
1892 3875 2131 3945 Quidam
2150 3883 2284 3930 lecta
2319 3878 2421 3946 Ts-

1389 3960 1553 4009 muni.
1586 3953 1696 4010 Sed
1727 3954 1845 4008 vide
1868 3955 2168 4008 Burmann.
2208 3981 2274 3993 —-
2308 3952 2422 4007 Se-

1391 4034 1572 4104 quitur
1585 4032 1923 4103 topographia
1940 4032 2067 4087 caeli.
2079 4034 2307 4100 Magnus
2327 4034 2424 4085 To·

1388 4132 1524 4168 ms
1537 4111 1801 4178 etiamn,
1821 4112 1932 4178 466.
1960 4110 2100 4165 Alibi
2118 4116 2421 4166 altitonans.

1388 4194 1675 4245 —Dextta
1693 4195 1911 4259 levaque
1929 4191 2093 4258 refer,
2110 4208 2220 4244 non
2251 4190 2319 4245 ad
2341 4212 2425 4245 re-

1385 4274 1552 4338 galem
1565 4271 1762 4321 domum
1777 4308 1790 4328 ,
1811 4266 1906 4321 sed
1930 4267 1997 4320 ad
2021 4266 2260 4322 lacteam.
2283 4270 2392 4323 Pro
2411 4308 2426 4336 ,

1392 4347 1592 4404 nobiles
1606 4346 1854 4403 habitant
1869 4385 1885 4415 ,
1902 4346 2132 4403 notione
2153 4346 2359 4417 speciali
2375 4365 2404 4399 e
2407 4388 2434 4433 t
