3217 5134
2667 460 2700 483 A

664 532 763 584 111

667 652 997 743 saeculum,
1026 680 1196 756 quos
1221 654 1288 728 in
1310 654 1526 758 primo
1556 654 1823 756 quidem
1845 655 2297 757 Metamorph.
2313 654 2490 730 libro
2507 656 2797 730 numeris

665 789 1045 886 designatos
1067 763 1355 864 invenies
1373 846 1391 880 ,
1416 788 1608 863 8000
1637 807 1704 864 et
1728 788 1912 864 8001
1933 847 1954 879 ,
1979 790 2226 892 quibus
2251 790 2553 894 inscripti
2574 788 2790 886 Regio

665 921 987 1019 Catalogo
1020 923 1480 1026 reperiuntnr;
1531 921 1766 998 deinde
1795 922 2193 1018 verosignis
2227 922 2291 997 A
2324 939 2392 996 et
2423 923 2515 1011 B,
2551 921 2656 997 vel
2683 921 2791 996 his

666 1069 923 1127 tantum
945 1053 1195 1142 verbis,
1211 1054 1440 1129 Nostri
1445 1054 1638 1155 Regu
1648 1085 1672 1125 .·
1689 1052 1951 1128 notulas
1975 1079 2240 1154 quoque
2255 1053 2437 1128 notis
2461 1053 2791 1133 interdum

662 1183 989 1258 addendas
1017 1184 1281 1272 censui,
1305 1212 1469 1285 quas
1492 1212 1528 1258 e
1547 1184 1877 1279 congestis
1903 1183 1987 1256 V
1974 1184 2239 1258 ariorum
2266 1184 2751 1261 commentariis
2766 1239 2786 1272 ‚

664 1331 729 1387 et
753 1315 1113 1417 praesertim
1145 1342 1181 1388 e
1206 1315 1289 1387 F
1276 1314 1529 1388 arnobio
1552 1332 1891 1417 excerptas
1917 1314 2152 1390 Editor
2178 1317 2446 1410 signavi.

761 1448 893 1522 Sed
926 1449 1315 1550 priusquam
1349 1447 1433 1522 ad
1465 1447 1687 1549 ipsum
1716 1447 2354 1549 Metamorphoseon
2388 1446 2637 1524 librum
2673 1448 2792 1524 de·-

662 1580 882 1655 venias
902 1636 923 1668 ,
967 1580 1453 1655 immorandum
1481 1581 1609 1655 erit
1640 1579 1767 1655 tibi
1786 1636 1807 1669 ,
1848 1579 2095 1671 lector,
2140 1607 2263 1653 nec
2296 1580 2436 1655 sine
2469 1578 2689 1655 fructu
2723 1598 2791 1655 et

663 1708 999 1813 voluptate
1029 1766 1049 1799 ,
1108 1710 1368 1785 Criticae
1415 1710 1885 1786 Dissertationi
1901 1768 1921 1802 ,
1973 1711 2056 1786 de
2099 1712 2296 1787 variis
2325 1719 2743 1810 καταοιλυσμοις
2766 1769 2785 1802 ,

664 1841 782 1942 qui
814 1840 1048 1915 doctos
1091 1871 1231 1916 non
1264 1843 1485 1916 minus
1503 1899 1522 1933 ,
1575 1871 1772 1944 quam
1818 1841 2047 1916 orbem
2095 1843 2315 1943 ipsum
2359 1845 2788 1946 perturbave-

655 1993 850 2065 runt,
886 1975 1096 2051 donec
1124 1977 1297 2052 inter
1327 1977 1767 2079 discrepantes
1799 1976 1899 2050 vir
1931 1995 2307 2072 exsurgeret
2326 2033 2346 2066 ,
2383 1994 2596 2052 tantas
2632 1977 2785 2054 lites

661 2108 1190 2209 compositurus,
1250 2109 1380 2182 CI..
1422 2107 1506 2181 G.
1546 2109 1928 2196 Cuvmu,
1976 2109 2200 2205 Regias
2230 2106 2589 2184 Galliarum
2615 2111 2787 2184 Uni-

657 2239 982 2313 versitatis
1012 2238 1310 2314 columen
1328 2295 1347 2327 ,
1386 2241 1789 2314 Rostrorum
1816 2238 2046 2326 decus,
2083 2241 2333 2314 Rerum
2365 2213 2786 2343 physicarum

659 2370 1117 2467 sagacissimus
1136 2368 1483 2467 indagator
1492 2368 1689 2445 simul
1708 2389 1775 2446 et
1785 2371 2111 2473 interpres
2131 2369 2620 2445 disertissimus.
2639 2370 2782 2459 Ille,

657 2533 783 2608 pro
819 2532 939 2579 sua
971 2504 1043 2577 in
1076 2532 1183 2579 me
1204 2500 1666 2578 benevolentia
1687 2559 1706 2591 ,
1751 2501 2076 2576 concessit
2105 2500 2319 2575 libens
2340 2557 2361 2590 ,
2408 2518 2484 2575 ut
2521 2530 2668 2604 quae
2693 2502 2784 2581 ,de

660 2636 934 2716 Diluoiis
954 2635 1382 2725 disseruerat,
1422 2636 1755 2711 Ovidiano
1783 2632 2033 2709 diluvio
2055 2634 2535 2736 praemitterem.
2563 2637 2788 2710 Laetus

661 2771 867 2865 igitur
894 2771 1137 2846 inserui
1160 2828 1179 2861 ,
1215 2787 1283 2846 et
1316 2768 1576 2845 Gallico
1605 2769 1874 2871 quidem
1893 2825 1913 2859 ,
1963 2785 2042 2843 ut
2066 2768 2439 2869 conscripta
2472 2768 2737 2844 fuerant
2759 2825 2779 2858 ,

656 2931 996 2993 sermone;
1031 2931 1115 2978 ne
1150 2904 1311 3006 quid
1340 2903 1511 2979 forte
1545 2902 1918 2979 detrimenti
1950 2876 2120 2976 inter
2152 2900 2626 2979 transeundum
2665 2930 2782 2976 ca·-

658 3053 843 3139 peret
867 3064 1087 3113 rerum
1107 3035 1235 3126 vis,
1266 3054 1380 3112 aut
1406 3037 1815 3112 concinnitas
1835 3035 2220 3125 verborum;
2249 3062 2535 3133 gemmas
2560 3052 2777 3122 ratus,

661 3194 845 3267 quaa,
887 3167 991 3241 vel
1028 3168 1177 3273 ipso
1217 3165 1633 3243 translatoris
1672 3166 1888 3245 halitu
1913 3222 1932 3257 ,
1985 3167 2244 3270 possint
2290 3165 2616 3241 infuscari.
2669 3165 2780 3241 Sic

652 3301 1043 3391 BUFFON,
1079 3302 1341 3402 quoties
1373 3299 1737 3377 advocandi
1768 3298 1952 3377 locus
1971 3355 1992 3388 ,
2032 3296 2178 3374 talis
2207 3298 2280 3373 in
2315 3325 2515 3400 opere
2544 3315 2780 3374 nostro

657 3430 909 3533 prodiit
929 3488 949 3522 ,
984 3451 1052 3506 et
1081 3432 1420 3534 prodibit,
1458 3431 1672 3534 qualis
1703 3430 1902 3521 olim,
1934 3461 2147 3533 quum
2180 3430 2458 3534 patriam
2489 3428 2777 3526 linguam

657 3589 733 3637 ea
776 3564 1110 3665 majestate
1155 3562 1578 3665 amplificaret
1597 3620 1618 3654 ,
1668 3592 1814 3665 quae
1845 3591 1984 3638 non
2026 3563 2239 3665 impar
2275 3563 2486 3665 ipsius
2527 3577 2780 3635 naturae

650 3695 1008 3795 majestati,
1036 3696 1329 3769 omnium
1353 3723 1677 3771 consensu
1713 3694 2031 3771 celebrata
2067 3695 2135 3768 in
2168 3712 2475 3768 aeternum
2506 3691 2773 3787 vigebit.

753 3827 880 3900 His
919 3827 1120 3921 igitur
1166 3824 1475 3901 omnibus
1517 3826 1734 3901 fruere
1760 3882 1780 3915 ,
1833 3825 2039 3907 lector
2082 3825 2320 3912 amice;
2363 3839 2432 3896 et
2472 3838 2774 3897 nostrum

660 3987 833 4062 opus
854 4016 874 4049 ,
924 3976 1002 4033 ut
1051 3958 1420 4064 occepisti,
1471 3957 1787 4033 continuo
1828 3955 2049 4033 favore
2094 3954 2380 4055 excipias
2400 4009 2420 4044 ,
2469 3949 2663 4031 velim
2711 3969 2778 4027 et

654 4117 900 4191 precor.
939 4089 1123 4166 Vale.

1891 4222 1976 4295 N.
2027 4218 2107 4293 Ε.
2158 4218 2572 4293 Lssumnn.
