3217 5134
823 523 948 609 104

1371 527 1452 592 P.
1516 522 1875 593 OVIDII
1935 523 2398 593 NASONIS

808 667 951 739 Nec
975 663 1137 765 quid
1161 663 1443 765 Hymen,
1463 664 1626 766 quid
1643 666 1871 753 Amor,
1898 664 2063 766 quid
2080 665 2219 739 sint
2236 664 2594 754 connubia,
2612 681 2817 739 curat.
2847 684 2941 755 480

810 782 1000 884 Saepe
1032 800 1221 883 pater
1252 781 1422 856 dixit
1451 812 1467 856 :
1504 817 1539 848 α
1583 784 1918 857 Generum
1945 780 2142 870 mihi,
2176 780 2341 870 filia,
2382 780 2603 856 debeS.
2640 812 2675 846 »

814 899 1003 1001 Saepe
1040 918 1231 1001 pater
1263 899 1435 974 dixit
1464 931 1481 973 :
1526 934 1562 965 «
1588 900 1818 974 Debes
1845 897 2045 987 mihi,
2081 916 2272 986 nata,
2304 915 2605 1000 nepotes.
2640 931 2677 964 »

810 1012 966 1102 Illa,
1003 1014 1186 1088 velut
1219 1015 1506 1103 crimen,
1546 1014 1747 1088 taedas
1781 1042 1980 1089 exosa
2008 1012 2295 1114 jugaleS,

811 1129 1100 1205 Pulchra
1131 1131 1505 1207 verecundo
1533 1130 1948 1205 suffunditur
1979 1157 2098 1204 ora
2130 1128 2417 1215 rubore:

813 1249 1029 1349 Inque
1061 1249 1272 1350 patris
1302 1248 1573 1323 blandis
1605 1247 1862 1323 haerens
1897 1246 2145 1322 cervice
2168 1244 2430 1321 lacertis
2449 1301 2476 1334 ,

2852 1266 2949 1336 485

819 1398 855 1432 α
889 1366 994 1439 Da
1023 1364 1190 1439 mihi
1220 1382 1578 1466 perpetua,
1616 1363 1882 1459 genitor
1914 1362 2288 1450 carissime,
2323 1360 2531 1449 dixit,

819 1513 858 1547 >2
894 1480 1295 1575 Virginitate
1326 1480 1500 1555 frui:
1537 1480 1724 1554 dedit
1746 1482 1877 1555 hoc
1909 1499 2098 1582 pater
2131 1497 2281 1555 ante
2315 1478 2566 1552 Dianae.
2602 1509 2638 1544 ι)

810 1594 934 1670 Ille
971 1597 1240 1698 quidem
1275 1596 1710 1698 obsequitur:
1747 1630 1781 1663 «
1809 1596 1941 1672 Sed
1970 1615 2034 1672 te
2072 1597 2272 1672 decor
2304 1596 2462 1684 iste,
2500 1592 2684 1696 quod
2720 1610 2948 1696 optas,

823 1744 858 1778 n
899 1715 1063 1788 Esse
1094 1732 1301 1802 vetat:
1334 1730 1629 1815 votoque
1667 1731 1784 1788 tuo
1816 1730 1931 1790 tua
1962 1714 2175 1788 forma
2205 1727 2626 1814 repugnat.»

814 1837 1115 1911 Phoebus
1146 1854 1351 1925 amat:
1389 1838 1675 1938 visaeque
1709 1838 1898 1940 cupit
1926 1837 2263 1913 connubia
2290 1833 2655 1936 Daphnes:

2856 1851 2953 1923 49⁰

819 1963 1122 2063 Quaeque
1157 1961 1345 2062 cupit
1365 2016 1385 2050 ,
1423 1979 1646 2062 sperat
1675 1991 1692 2035 :
1721 1989 1971 2063 suaque
2002 1960 2194 2035 illum
2225 1956 2492 2034 oracula
2524 1954 2787 2031 fallunt.

814 2199 922 2233 mm
934 2185 1087 2233 eldam
1091 2187 1344 2249 prerupta
1352 2184 1570 2244 collium,
1584 2186 1844 2234 montium-

816 2278 913 2328 que
948 2261 1112 2311 ardua
1145 2264 1499 2327 occupaverint
1513 2300 1527 2324 ,
1588 2259 1678 2313 ubi
1721 2259 1841 2312 vide

820 2334 1057 2389 Gronov.
1082 2346 1134 2388 et
1159 2336 1490 2389 Bueueman.
1514 2335 1578 2388 ad
1605 2336 1840 2390 Lactant.

820 2413 991 2467 Instit.
1031 2412 1135 2466 div.
1162 2414 1301 2475 VII,
1336 2431 1404 2467 111
1426 2454 1441 2480 ,
1477 2419 1555 2468 25.
1596 2414 1645 2467 E
1676 2415 1841 2484 poetis

820 2490 1055 2561 exempla
1093 2489 1349 2561 congessit
1387 2492 1572 2545 Heius.
1604 2491 1672 2545 ad
1715 2490 1768 2544 h.
1809 2491 1842 2543 l.

819 2569 961 2622 Auia
979 2580 1157 2623 autem
1170 2579 1295 2622 suut
1307 2579 1510 2623 remota
1532 2581 1586 2624 et
1604 2569 1809 2623 deserta
1822 2607 1854 2638 ,-

818 2650 987 2720 qualia
1012 2661 1189 2704 amant
1211 2650 1499 2704 securitatis
1521 2668 1676 2703 causa
1700 2650 1839 2703 serae.

886 2733 997 2797 481.
1021 2730 1317 2799 Saepepalet
1332 2733 1480 2783 delcit.
1501 2730 1565 2783 In
1593 2729 1659 2784 R.
1688 2727 1753 2783 C.
1774 2731 1839 2784 A.

818 2805 873 2860 bi
898 2805 1004 2861 duo
1033 2827 1211 2861 versus
1239 2818 1672 2877 transponuntur.
1696 2806 1842 2862 Nihil

821 2885 1056 2939 interest.
1092 2912 1160 2926 -·
1203 2885 1441 2939 Multum
1473 2884 1760 2939 venustatis
1788 2894 1843 2938 et

823 2973 952 3028 ἤθους
981 2965 1038 3018 in
1063 2964 1164 3018 hoc
1189 2964 1346 3033 patris
1380 2982 1503 3018 cum
1539 2962 1645 3016 filia
1668 2963 1842 3017 collo-

822 3043 963 3112 quio.
987 3042 1116 3096 Siue
1138 3042 1387 3097 suavitate
1413 3042 1512 3096 bac
1531 3060 1617 3096 res
1630 3040 1837 3108 eadem,

823 3137 955 3173 vcra.
978 3118 1094 3191 659.

888 3196 1001 3264 483.
1035 3199 1218 3251 Taedas
1226 3197 1451 3265 jugales.
1474 3198 1710 3269 Nuptias.
1734 3198 1843 3253 No·

821 3275 897 3329 vis
931 3274 1077 3328 enim
1110 3276 1288 3345 nuptis
1320 3276 1550 3346 quinque
1583 3279 1718 3331 faces
1743 3296 1840 3330 ac-

820 3373 989 3408 censae
1008 3353 1439 3423 praeserebantur,
1459 3365 1513 3408 ut
1530 3353 1841 3409 Plutarchus

816 3432 996 3488 scribit
1018 3432 1074 3486 in
1099 3432 1533 3486 problematibus.
1555 3435 1656 3487 Ed.

885 3513 997 3579 484.
1033 3511 1367 3580 Sufficnde'lur.
1415 3509 1591 3581 Vulgo
1624 3511 1841 3581 suffim-

822 3593 948 3643 dens
964 3630 978 3653 ,
1029 3588 1172 3659 quod
1209 3589 1395 3642 Burm.
1435 3599 1622 3642 monet
1663 3589 1842 3644 multis

817 3669 1067 3740 exemplis
1096 3668 1328 3722 defendi.
1369 3668 1564 3733 Recte:
1598 3668 1692 3723 aed
1725 3687 1839 3722 non

816 3748 1064 3803 credibile
1104 3757 1182 3801 est
1204 3787 1219 3814 ,
1273 3758 1542 3804 auctorem
1581 3746 1635 3799 h.
1678 3747 1712 3801 l.
1760 3757 1839 3801 tot

813 3825 1082 3898 participia
1103 3825 1407 3879 cumulasse.
1450 3823 1584 3877 cod.
1609 3825 1743 3896 Reg.
1771 3825 1838 3879 A.

812 3903 973 3958 habet
1001 3902 1317 3972 suffundens.
1352 3930 1418 3942 —-
1453 3901 1705 3971 Suffunde'
1743 3904 1838 3958 di·-

813 3983 951 4035 citur
975 3979 1040 4033 de
1064 3979 1258 4034 rubore
1285 3998 1378 4033 ora
1401 3990 1638 4035 notante.
1749 3993 1753 3998 ’

880 4061 993 4126 485.
1019 4061 1247 4112 Horens.
1266 4057 1402 4111 Cod.
1421 4058 1630 4112 Patricii
1646 4059 1803 4113 Junii
1819 4100 1836 4127 ,

805 4138 1032 4205 pendens
1046 4135 1425 4206 cerasi-aliique
1440 4137 1839 4191 bene.—Codd.

816 4214 937 4268 RR.
963 4213 1070 4267 duo
1089 4254 1104 4284 ‚
1129 4218 1340 4269 bam-ns.
1366 4219 1592 4282 Her-ere,
1624 4228 1686 4273 ut
1694 4237 1838 4288 penv-

810 4295 955 4361 dere,
982 4291 1048 4347 de
1074 4291 1408 4364 amplexibus.

2006 2179 2117 2248 486.
2150 2181 2242 2233 Da
2272 2181 2667 2247 mibe‘perpelua.
2704 2174 2825 2246 Ipsa
2846 2174 2958 2229 hoec

1931 2268 2059 2311 aunt
2088 2258 2249 2311 verba
2283 2256 2471 2310 Dianae
2493 2254 2556 2308 ad
2588 2254 2785 2307 Jovem
2818 2250 2959 2323 apud

1937 2335 2146 2390 Gallim.
2176 2334 2231 2388 h.
2258 2335 2415 2389 Dian.
2436 2335 2485 2389 6.
2510 2338 2595 2394 Δός
2610 2358 2695 2402 μοι
2717 2339 3027 2452 παρθενίην

1934 2419 2120 2471 αἰώνιον
2132 2456 2146 2483 ,
2166 2419 2292 2470 ἅττα
2310 2454 2326 2483 ,
2345 2415 2603 2485 fulcio-ceca.
2620 2415 2712 2465 Da
2726 2415 2956 2465 mihim·

1933 2492 2112 2547 lemue
2130 2494 2189 2547 in
2203 2492 2620 2564 precationibus:
2642 2490 2817 2556 VIII,
2842 2489 2957 2542 351.

1936 2571 2128 2626 Horat.
2146 2572 2199 2640 l,
2222 2572 2320 2642 Ep.
2337 2587 2435 2625 ΠΙ
2451 2610 2467 2637 ,
2487 2570 2547 2622 6ι
2569 2570 2691 2622 :Da
2709 2565 2961 2634 w'hisal-

1933 2653 2034 2704 lere
2046 2691 2059 2714 ,
2088 2654 2160 2704 da
2168 2650 2371 2717 justum
2392 2653 2719 2716 sanctumque
2740 2648 2916 2699 videri.

2000 2731 2114 2798 488.
2149 2734 2248 2783 Ille
2274 2733 2468 2799 quidem
2490 2732 2792 2798 obsequitur.
2830 2727 2962 2780 Mox

1936 2809 2197 2880 adspergit
2214 2820 2367 2879 poeta
2385 2807 2580 2879 aliquid
2599 2846 2614 2874 ,
2634 2804 2781 2860 unde
2795 2805 2963 2860 lector

1935 2889 2134 2943 exitum
2147 2889 2225 2942 rei
2240 2888 2476 2943 divinare
2493 2887 2666 2959 possit.
2696 2885 2843 2940 Facit
2860 2885 2963 2940 boc

1936 2967 2131 3020 Noster
2165 2985 2301 3037 sape
2337 2986 2461 3021 cum
2500 2965 2610 3019 aliis
2624 3003 2640 3032 ,
2683 2975 2961 3034 praeeunte

1938 3044 2211 3098 Homero:
2231 3064 2278 3096 v.
2292 3064 2335 3098 c.
2355 3044 2416 3097 Il.
2430 3054 2483 3110 B,
2500 3043 2958 3108 36-40.·-Decor.

1935 3122 2269 3194 pulchritudo
2291 3143 2306 3188 ς
2327 3121 2419 3177 sed
2438 3121 2562 3175 illud
2582 3119 2962 3191 significantius

1935 3212 2014 3257 est
2039 3221 2052 3256 :
2077 3201 2321 3273 exprimit
2370 3202 2518 3255 enim
2550 3199 2707 3254 simul
2743 3199 2964 3270 gratiam

1935 3280 2200 3352 quandam
2215 3320 2230 3348 ,
2250 3280 2393 3335 uude
2414 3281 2527 3334 sere
2541 3278 2745 3332 Veneri
2762 3289 2817 3332 et
2832 3277 2963 3332 Gra-

1935 3358 2019 3411 tiis
2040 3361 2194 3411 decor
2213 3357 2477 3411 tribuitur.
2518 3356 2650 3410 Mox
2673 3373 2810 3409 vers.
2830 3357 2925 3425 527
2941 3391 2959 3420 ,

1933 3435 2171 3509 nympha
2195 3439 2392 3490 decens.

2003 3518 2118 3587 490.
2141 3511 2772 3580 Connube‘a.Concubitus,
2787 3521 2847 3565 ut
2860 3510 2963 3578 xl,

1936 3591 2049 3643 226.
2067 3590 2146 3643 Ita
2159 3591 2466 3660 conjugium,
2490 3591 2645 3658 XIV,
2666 3593 2794 3664 2983
2813 3588 2962 3659 Virg.

1936 3667 2193 3736 AEn.111,
2219 3671 2343 3739 4753
2372 3680 2427 3724 et
2440 3671 2602 3738 γάμος.
2626 3665 2753 3720 Vid.
2771 3666 2964 3720 Schra-

1934 3748 2046 3802 der.
2067 3748 2133 3801 ad
2149 3748 2415 3802 Musaeum
2429 3787 2446 3815 ,
2472 3768 2523 3819 p.
2543 3748 2635 3801 123
2648 3765 2760 3817 sqq.
2785 3745 2964 3800 simi-

1935 3826 2054 3880 liter
2066 3847 2200 3881 vers.
2218 3830 2332 3894 557,
2348 3828 2539 3895 conjux
2552 3824 2619 3880 de
2636 3824 2931 3880 concubina
2942 3863 2961 3891 ,

1935 3914 1991 3958 et
2010 3925 2139 3958 uxor
2158 3906 2348 3959 Horat.
2373 3905 2456 3959 III
2475 3944 2490 3971 ,
2519 3903 2627 3960 Od.
2652 3918 2812 3956 xxvn
2830 3942 2851 3971 ,
2885 3902 2961 3972 73.

1937 3981 2083 4036 Male
2096 3983 2234 4039 Rod.
2250 4001 2263 4035 :
2278 3985 2480 4050 begam
2488 3984 2609 4035 dt'ch
2621 4000 2716 4035 zur
2725 3983 2963 4035 Guttam.

2003 4064 2115 4133 49¹·
2140 4063 2490 4124 &aoracum
2516 4078 2635 4129 quae
2652 4069 2831 4112 nmen
2854 4057 2965 4111 ba·-

1934 4137 2198 4192 bebantur
2216 4136 2530 4205 certissima,
2554 4136 2742 4207 Eurip.
2767 4135 2964 4190 Electr.

1936 4235 2071 4270 vers.
2096 4217 2226 4289 3993
2262 4215 2482 4269 Terent.
2521 4213 2697 4268 Andr.
2726 4213 2810 4268 lv
2824 4253 2843 4281 ,
2878 4228 2928 4265 11
2943 4251 2960 4279 ,

1943 4297 2020 4349 15.
2061 4292 2226 4348 Unde
2247 4299 2414 4347 certus
2436 4294 2628 4361 Apollo
2641 4332 2658 4359 ,
2687 4291 2878 4347 Horat.
2901 4289 2928 4344 1
2943 4327 2962 4358 ,
