3217 5134
804 528 938 613 246

1366 528 1444 593 P.
1505 526 1858 596 OVIDII
1908 522 2365 598 NASONIS

801 668 965 743 Visa
997 668 1140 741 Dea
1169 684 1305 755 est3
1338 665 1449 740 alii
1485 666 1794 755 laudant,
1825 666 2226 769 dignamque
2260 694 2479 742 severa

801 785 1199 881 virginitate
1233 803 1469 859 vocant
1504 815 1523 857 ε
1551 812 1709 887 pars
1739 784 1998 859 invenit
2027 802 2310 884 utraque
2343 810 2591 859 causas.

2831 812 2924 863 255

806 901 961 974 Sola
990 901 1183 976 Jovis
1218 902 1460 1001 conjux
1494 930 1634 975 non
1667 918 1801 975 tam
1826 900 2139 1003 culpetne
2172 900 2500 1000 probetne

801 1016 1193 1119 Eloquitur,
1232 1046 1429 1121 quam
1464 1018 1648 1093 clade
1682 1019 1921 1092 domus
1956 1018 2040 1091 ab
2075 1018 2385 1112 Agenore
2414 1018 2626 1092 ductae

807 1132 1106 1223 Gaudet;
1143 1153 1212 1210 et
1243 1164 1281 1210 a
1304 1136 1506 1237 Tyria
1540 1134 1892 1209 collectum
1919 1133 2160 1237 pellice
2195 1135 2508 1209 transfert

724 1282 727 1283 ⁷
800 1251 886 1324 In
912 1255 1169 1347 generis
1208 1252 1430 1327 socios
1463 1252 1692 1326 odium
1720 1282 1737 1325 ε
1770 1250 1957 1326 subit
1989 1280 2137 1326 ecce
2166 1252 2378 1355 priori

808 1367 1027 1444 Causa
1056 1398 1319 1457 recens;
1354 1370 1821 1470 gravidamque
1856 1367 2037 1442 dolet
2070 1368 2436 1443 desemine
2467 1369 2694 1463 magni

2842 1391 2932 1443 260

804 1487 971 1560 Esse
1004 1486 1193 1559 Jovis
1227 1484 1530 1560 Semelen
1560 1516 1577 1558 ε
1611 1503 1755 1559 tum
1787 1483 2086 1581 linguam
2122 1484 2204 1557 ad
2236 1483 2452 1583 jurgia
2484 1482 2730 1572 solvit3

810 1634 848 1667 «
883 1599 1096 1676 Effeci
1124 1602 1287 1703 quid
1319 1602 1495 1677 enim
1531 1600 1733 1676 toties
1767 1630 1890 1704 per
1919 1601 2193 1701 jurgia?
2219 1599 2406 1674 dixit.

800 1804 929 1857 liam
951 1844 966 1871 ,
993 1823 1022 1858 a
1046 1805 1181 1858 Jove
1204 1806 1498 1876 concepisse
1516 1845 1533 1874 ,
1562 1805 1620 1858 in
1657 1824 1821 1859 anum

736 1886 742 1891 ⁴
803 1902 1056 1937 conversa
1080 1884 1243 1953 ipsam
1267 1883 1375 1938 adit
1397 1923 1412 1950 ,
1438 1882 1821 1954 persuadetque

802 1960 1196 2029 fraudulenter,
1240 1972 1301 2014 ut
1322 1980 1387 2014 eo
1417 1961 1599 2015 habitu
1627 1961 1822 2014 Jovexn

804 2039 901 2094 sibi
927 2049 1164 2109 expetat,
1204 2059 1309 2109 quo
1331 2040 1371 2091 J
1374 2039 1537 2092 unoni
1558 2039 1822 2109 amplexus

805 2118 931 2173 dare
970 2119 1144 2172 soleat.
1173 2118 1384 2189 Jupiter
1411 2119 1573 2189 igitur
1605 2117 1822 2187 jureiu-

803 2197 975 2251 rando
1005 2207 1246 2263 coactus,
1296 2216 1420 2251 cum
1456 2198 1737 2251 tonitribus
1770 2207 1824 2250 et

804 2273 1112 2330 fulminibus
1155 2274 1390 2327 Semeles
1434 2273 1571 2327 edes
1613 2274 1777 2327 intrat
1805 2295 1821 2339 ;

807 2353 997 2422 quibus
1021 2370 1184 2421 quum
1209 2351 1557 2422 conflagraret
1577 2351 1787 2422 gravida
1809 2390 1824 2418 ,

810 2443 965 2486 utero
999 2434 1114 2501 ejus
1156 2431 1421 2486 Baoehum
1457 2433 1825 2504 imperfectum

813 2508 988 2577 eripit,
1010 2509 1198 2561 femori
1221 2528 1317 2563 tuo
1340 2509 1520 2575 insuit,
1536 2521 1692 2579 atque
1711 2510 1827 2583 Ny'-

808 2588 1036 2642 seidibus
1057 2588 1392 2642 educandum
1416 2589 1586 2643 tradit.
1625 2589 1829 2644 Confer

813 2666 1052 2737 Euripid.
1068 2666 1257 2721 Bacch.
1280 2687 1406 2740 1-9,
1432 2671 1667 2741 89-104,
1692 2669 1827 2723 286-

814 2765 937 2818 2973
968 2745 1206 2814 Apollod.
1240 2745 1324 2798 ΙΙΙ
1342 2784 1358 2811 ,
1395 2762 1453 2797 w
1473 2786 1488 2812 ,
1517 2751 1578 2809 5;
1606 2746 1827 2800 Diodor.

815 2824 919 2879 Sic.
954 2824 1037 2879 111
1059 2862 1074 2889 ,
1099 2824 1194 2890 53,
1223 2824 1326 2889 IV,
1352 2844 1415 2889 23
1442 2824 1658 2879 Lucian.
1693 2824 1827 2878 Diat

812 2902 975 2974 D.-9;
1014 2901 1212 2956 Eudoc.
1237 2922 1286 2973 p.
1320 2905 1412 2957 118
1437 2915 1491 2956 et
1515 2904 1646 2971 3733
1686 2904 1831 2976 Hyg.

808 2982 968 3034 sabul.
1020 2982 1141 3054 169,
1188 3000 1279 3053 ¹79
1306 3004 1319 3046 ς
1368 2981 1614 3053 Fulgent.
1654 2983 1830 3057 Myth.

813 3060 891 3124 11,
917 3064 991 3112 15.
1005 3059 1209 3128 Nempe
1226 3059 1462 3114 Bacchus
1473 3060 1642 3129 poeti·
1666 3060 1833 3116 dictu-

815 3146 894 3189 est
917 3145 1182 3212 κυρηενὴς,
1208 3136 1349 3205 quod
1378 3157 1455 3207 pr.
1481 3138 1588 3191 vini
1606 3156 1834 3209 genero-

818 3214 965 3268 sioris
988 3214 1278 3283 vitiumque
1296 3214 1583 3283 epitheton.
1608 3217 1830 3284 Strabo,

815 3292 905 3345 lib.
928 3292 1065 3346 XIII
1088 3331 1103 3357 ,
1139 3312 1187 3360 p.
1211 3293 1324 3344 628.
1350 3294 1521 3346 Porro
1539 3334 1555 3361 ,
1584 3293 1833 3350 Orienta-

818 3373 953 3426 libus
973 3386 1038 3423 ex
1047 3371 1243 3439 fimare
1265 3370 1474 3425 alterius
1495 3377 1669 3440 egredi
1692 3373 1834 3427 dici-

822 3461 911 3504 tur
925 3490 940 3517 ,
966 3449 1056 3520 qui
1073 3448 1136 3502 ab
1154 3468 1218 3501 eo
1236 3448 1480 3519 gignitur.
1506 3451 1651 3504 Hinc
1663 3452 1836 3506 sabula

820 3532 964 3586 nasci
986 3530 1131 3584 facile
1157 3529 1343 3600 potuit.
1360 3529 1478 3583 Alia
1496 3530 1561 3583 ad
1580 3550 1715 3585 vers.
1736 3534 1833 3586 312

808 3610 1072 3665 dabimus.
1096 3636 1163 3650 —
1182 3611 1377 3662 Rumor
1392 3620 1488 3664 etc.
1526 3609 1716 3679 Quum
1742 3628 1836 3664 ru-

818 3710 940 3744 mor
952 3690 1016 3744 de
1032 3690 1454 3760 Actaeonispoena
1464 3710 1667 3761 sparsus
1682 3700 1833 3757 esset,

816 3771 876 3822 in
900 3779 1177 3839 utramque
1201 3779 1405 3841 partem
1427 3769 1493 3823 de
1521 3790 1583 3823 ea
1607 3769 1837 3839 disputa-

823 3858 938 3901 tum
975 3856 1067 3900 est.
1108 3846 1316 3900 Verum
1351 3846 1499 3900 nullo
1529 3846 1647 3915 jure
1676 3846 1742 3898 de
1774 3863 1837 3897 ea

822 3926 1181 3998 disputabatur
1196 3967 1212 3993 ‚
1251 3944 1417 3996 quum
1457 3942 1666 3995 poenam
1695 3924 1839 3978 illam

824 4006 1085 4061 Saturniae
1100 4004 1238 4076 leges
1257 4005 1614 4076 postulassent.
1631 4002 1837 4057 callim.

822 4084 881 4136 in
897 4084 1049 4137 lavac.
1069 4082 1262 4137 Pallad.
1282 4102 1349 4155 99
1362 4102 1547 4153 sqq.—-·
1565 4084 1845 4135 V1⁰olentiot

827 4162 933 4213 visa
963 4173 1040 4215 est
1064 4163 1223 4215 etiam
1256 4161 1442 4215 Senec.
1482 4160 1666 4231 OEdip.
1704 4161 1799 4231 763
1821 4199 1838 4228 ,

828 4237 919 4290 uhi
960 4243 1165 4290 nimium
1205 4243 1331 4291 seni
1353 4241 1493 4293 Diva
1521 4243 1750 4307 pudoris.
1776 4263 1844 4279 -·

824 4315 1139 4383 Dignumque
1173 4327 1271 4370 etc.
1288 4356 1304 4385 ,
1332 4317 1519 4372 decere
1541 4336 1659 4372 eam
1688 4334 1838 4373 seve-

1917 1806 2132 1936 :iimem
2155 1814 2357 1861 tantam
2381 1804 2438 1858 in
2457 1802 2808 1861 custodiendo
2831 1823 2934 1874 pn-

1956 1903 2046 1936 ore
2079 1904 2191 1937 suo.

1983 1961 2097 2016 256.
2123 1964 2360 2029 culpetne
2384 1971 2511 2023 φίας
2530 1972 2591 2015 ut
2609 1961 2756 2031 apud
2768 1960 2935 2015 Tibul.

1920 2037 2020 2105 IV,
2033 2056 2090 2106 v,
2105 2037 2312 2092 20.Duo
2326 2038 2487 2092 MSS.
2498 2042 2696 2092 clamne
2699 2042 2937 2106 palamne

1918 2135 2015 2186 pro
2035 2117 2241 2187 vulgata
2259 2157 2276 2183 ‚
2312 2120 2502 2170 clamve
2519 2121 2798 2185 palamve5
2827 2135 2933 2186 qua:

1919 2195 2140 2249 varietas
2158 2195 2320 2249 etiam
2334 2194 2418 2249 hic
2432 2195 2687 2261 notanda,
2705 2196 2798 2250 ubi
2809 2215 2934 2248 non-

1921 2274 2072 2340 nulli,
2087 2276 2927 2343 culpeloepmbetoc.-Colleclnae.

1917 2364 2234 2422 conceptum
2254 2390 2271 2420 ‚
2293 2363 2357 2406 ut
2378 2356 2611 2420 colle‘gere
2634 2358 2780 2405 silim
2798 2363 2853 2406 et
2871 2353 2936 2406 si-

1921 2431 2078 2484 milia.
2101 2431 2442 2484 Translatum
2473 2429 2600 2483 illud
2633 2430 2701 2484 ab
2729 2430 2934 2500 Europa

1921 2510 2104 2564 odium
2120 2511 2282 2564 etiam
2297 2513 2354 2567 in
2367 2530 2479 2580 sqq.
2493 2510 2684 2563 sabula
2701 2511 2934 2579 quedam

1923 2590 2258 2647 confirmant.

1991 2670 2104 2724 261.
2136 2671 2262 2722 Tum
2293 2668 2518 2738 linguam
2547 2678 2646 2721 etc.
2692 2668 2936 2723 Heinsius

1922 2747 2027 2801 hoc.
2047 2747 2436 2802 hemistichium
2458 2758 2764 2817 anspectum
2783 2746 2938 2801 habe-

1923 2826 2013 2879 bat
2028 2865 2043 2892 ,
2078 2839 2134 2882 et
2150 2825 2459 2895 conjiciebat
2481 2827 2610 2894 quid
2623 2829 2849 2893 Iluguaa
2875 2826 2943 2877 ad

1908 2905 2092 2973 jurgia
2114 2909 2252 2958 solui
2267 2904 2348 2957 vel
2379 2907 2562 2958 soleo?
2587 2902 2767 2957 deleto
2793 2922 2939 2957 versu

1922 2984 2199 3053 sequenti,
2228 3001 2388 3052 quem
2426 2983 2650 3035 latinum
2682 3000 2799 3036 non
2836 3001 2938 3052 pu·-

1925 3061 2098 3126 tabat,
2121 3061 2221 3115 nisi
2245 3061 2508 3131 legeretur
2522 3098 2538 3126 ‚
2563 3068 2644 3113 tot
2655 3063 2718 3114 Io
2730 3079 2833 3127 per
2836 3061 2941 3128 jot·-

1921 3144 2026 3206 fflfa.
2055 3165 2125 3180 --
2157 3139 2335 3193 Nostri
2360 3136 2582 3191 Codices
2607 3139 2749 3193 hanc
2773 3139 2940 3193 lectio-

1924 3236 2053 3272 nem
2067 3220 2321 3289 proebent.
2346 3218 2447 3272 Ed.

1994 3296 2106 3350 262.
2127 3296 2310 3363 Effict'
2323 3299 2452 3365 quid
2465 3300 2598 3349 enin
2621 3306 2724 3350 etc.
2749 3295 2942 3350 Amant

1927 3385 2095 3445 poete
2111 3375 2371 3443 ejusmodi
2392 3374 2665 3445 soliloquia
2686 3374 2943 3429 Deorum.

1932 3452 2134 3508 Confer
2157 3454 2212 3507 Il
2231 3494 2246 3521 ,
2286 3459 2377 3525 471
2400 3478 2416 3521 3
2460 3454 2567 3522 IV,
2595 3458 2733 3523 4203
2764 3454 2943 3525 virgil.

1928 3531 2142 3585 AEneid.
2175 3534 2234 3599 1,
2268 3534 2335 3587 3ss
2381 3550 2491 3603 sqq.
2539 3532 2836 3587 Exordium
2871 3544 2947 3586 est

1927 3611 2224 3680 abruptum.
2262 3611 2436 3666 Antea
2462 3610 2614 3664 tacite
2647 3630 2832 3666 secum
2863 3611 2948 3664 in·-

1928 3688 2139 3759 dignata
2174 3690 2346 3744 suerat
2363 3731 2379 3756 ,
2421 3700 2539 3744 tum
2580 3689 2902 3758 cogitaverat
2930 3728 2945 3756 ,

1927 3767 2069 3820 nolle
2089 3787 2144 3821 se
2164 3787 2343 3823 rursus
2362 3768 2666 3838 jurgiisuti;
2692 3767 2824 3822 hinc
2838 3786 2949 3822 ver·

1928 3846 2005 3900 bis
2029 3846 2232 3917 pergit,
2258 3845 2548 3914 maciem
2578 3844 2664 3900 Cf.
2691 3847 2797 3913 Vl,
2820 3847 2947 3917 687,

1929 3924 2019 3977 ubi
2036 3925 2374 3994 praemittitur
2385 3928 2462 3978 E!
2470 3929 2675 3989 uterum·
2694 3925 2778 3978 lx
2791 3964 2807 3991 ‚
2831 3924 2946 3990 1433

1933 3998 2067 4055 Plin.
2093 4002 2193 4069 lv,
2219 4003 2319 4072 Ep.
2345 4018 2404 4056 Π
2422 4042 2437 4070 ,
2475 4004 2606 4057 Pan.
2631 4020 2739 4056 Lxx
2762 4042 2779 4071 ,
2811 4002 2862 4055 6.
2880 4027 2949 4042 ·—

1930 4078 2115 4148 Effeci
2123 4080 2482 4149 *Burmannus
2519 4100 2582 4134 ex
2615 4081 2951 4135 Francorum-

1929 4160 2066 4213 tensi
2098 4159 2244 4213 dedit
2261 4200 2277 4227 ,
2314 4162 2437 4230 quia
2465 4159 2739 4215 venustius
2770 4160 2822 4214 ei
2857 4158 2951 4211 vi-

1931 4238 2153 4293 debatur
2186 4240 2399 4309 vulgato
2419 4238 2655 4308 pmsece‘,
2711 4236 2858 4309 qnod
2895 4249 2951 4290 et

1927 4319 2099 4372 nostri
2122 4318 2276 4389 Regii
2301 4317 2513 4372 habent.
2547 4318 2650 4372 Ed.
