3217 5134
569 559 708 626 DE
770 552 1115 625 OPERE
1173 556 2214 630 METAMORPHOSEON.
2383 586 2463 661 19

325 742 406 756 —
445 700 581 787 VI,
630 723 763 799 192
790 724 941 799 sqq.
967 753 987 786 ,
1033 696 1256 773 Niobe
1293 698 1589 800 quinque
1627 698 1935 776 formulis
1967 720 2163 799 urget
2192 703 2358 798 hoc,
2393 736 2465 784 se

316 833 688 909 liberorum
724 860 1005 907 numero
1041 834 1315 907 Latonae
1360 851 1693 936 praestare.
1748 878 1826 892 --
1860 838 1992 911 Vll
2015 894 2034 927 ,
2104 865 2236 941 179
2267 869 2415 945 sqq.
2442 900 2462 934 ,

317 971 527 1043 Lunae
546 994 778 1041 cornua
795 982 926 1041 tota
957 983 1174 1041 coeunt
1185 1027 1202 1053 ‚
1233 966 1507 1069 efficiunt
1523 970 1725 1044 orbem
1742 1028 1761 1057 ‚
1792 970 1939 1073 ipsa
1962 972 2318 1071 plemksima
2335 976 2467 1052 ful-

321 1119 454 1199 get,
484 1119 554 1177 et
577 1100 777 1175 solida
797 1102 1059 1201 imagine
1090 1119 1346 1203 spectat
1370 1108 1901 1194 terram—XII,
1932 1104 2024 1200 46
2045 1134 2193 1209 sqq.
2213 1164 2233 1197 ,
2266 1111 2467 1186 Fama

280 1310 289 1321 ,
318 1237 674 1338 tota-fremit
687 1296 706 1323 ,
750 1262 932 1310 voces
958 1235 1138 1339 refirt
1157 1298 1175 1322 ‚
1213 1238 1393 1311 iterat
1412 1237 1582 1341 quod
1599 1240 1778 1313 audit
1794 1300 1813 1326 ,
1847 1241 2059 1315 Nulla
2082 1242 2248 1345 quies
2269 1244 2462 1338 intus,

318 1373 614 1475 nullaque
645 1372 885 1451 silentia
906 1354 1107 1473 pat-te.
1149 1372 1371 1447 Miror
1390 1375 1614 1476 itaque
1643 1375 1933 1450 Criticos
1953 1433 1972 1466 ,
2005 1378 2248 1479 quibis
2274 1399 2343 1455 et
2370 1400 2468 1457 ta-

319 1507 505 1583 libus
522 1537 662 1583 non
686 1507 927 1583 offensi
950 1526 1192 1598 essent,
1216 1537 1446 1584 versus
1471 1539 1760 1585 resecare
1783 1509 2094 1600 voluisse,
2120 1513 2190 1587 in
2219 1516 2468 1616 quibus
2587 1516 2604 1533 “

320 1642 536 1718 multo
554 1644 779 1720 minus
794 1643 1271 1735 redundantiae,
1290 1662 1369 1720 ut
1392 1646 1582 1734 VIII,
1611 1644 1702 1746 87
1725 1676 1741 1733 ;
1766 1645 1890 1720 uhi
1905 1664 2065 1749 post
2086 1648 2288 1723 verba
2294 1678 2469 1750 proe-

317 1777 520 1882 daque
536 1779 743 1880 potita
770 1778 1043 1881 nefanda
1073 1780 1380 1883 sequitur
1408 1806 1644 1856 versus
1677 1781 1960 1857 Heinsio
1997 1783 2466 1905 improbatus:-

482 1959 622 2020 Fert
647 1979 840 2021 secum
865 1958 1117 2041 spolium
1139 1959 1367 2043 sceleris
1385 1992 1407 2037 ,-
1426 1968 1847 2044 prbgressaque
1873 1958 2040 2044 porta
2053 2007 2072 2041 ,
2094 1976 2205 2025 etc.

318 2135 513 2210 Talia
561 2135 735 2210 bene
775 2133 988 2210 multa
1028 2138 1532 2211 commemorari
1564 2156 1864 2239 possent.
1929 2176 2009 2196 —·-
2072 2141 2257 2244 Saepe
2293 2145 2472 2218 enim

322 2272 511 2347 otiose
541 2267 868 2344 nonnulla
897 2270 1209 2372 subjicit,
1241 2254 1310 2346 e⁹t
1339 2271 1677 2346 interdum
1709 2274 1870 2348 satis
1904 2270 2204 2377 longuaile.
2237 2320 2313 2343 -ν-
2341 2280 2464 2353 III.

328 2407 468 2509 715
494 2464 515 2495 ,
558 2407 731 2481 bene
765 2405 980 2497 dixit,
1012 2407 1135 2481 ruit
1164 2407 1357 2481 omnis
1388 2408 1452 2479 in
1489 2437 1677 2482 unum
1718 2408 2167 2512 Turbafurens
2191 2471 2210 2499 ‚
2263 2414 2472 2489 modo

320 2572 407 2619 ne
437 2542 829 2632 addidisset,
849 2557 1082 2619 cuncta.-
1112 2557 1326 2617 coeunt
1341 2558 1688 2644 cunctaque
1718 2548 2268 2644 sequundum—II,
2309 2546 2465 2635 168,

324 2679 503 2755 Solis
539 2678 698 2780 equi
753 2692 939 2752 munt
970 2678 1303 2779 tritumque
1347 2678 1694 2780 relinquunt
1734 2677 2040 2780 &auiam
2097 2681 2248 2754 Hoc
2308 2682 2470 2756 satis
2553 2744 2567 2754 .

321 2813 593 2901 fuisset;
627 2811 744 2888 sed
780 2812 1006 2914 inepte
1040 2813 1294 2914 pergit,
1329 2840 1443 2887 nec
1464 2872 1485 2900 ,
1542 2842 1662 2915 quo
1683 2814 1866 2914 'prim
1888 2872 1908 2899 ,
1951 2812 2162 2886 ordine
2201 2831 2465 2889 cun-unt.

321 2948 497 3037 Ubi,
530 2948 652 3037 IV,
693 2944 869 3037 300,
893 2947 1149 3023 fontem
1172 2946 1422 3023 clarum
1448 2949 1609 3023 satis
1637 2948 2107 3049 descripserat,
2128 2976 2270 3023 uon
2298 2968 2467 3037 erat,

325 3113 444 3158 cur
466 3081 771 3171 adderet,
782 3084 1145 3185 perspicuus
1171 3083 1372 3184 liquor
1389 3098 1498 3157 est.
1526 3081 1761 3180 Quid?
1792 3080 1922 3173 XI,
1940 3081 1983 3155 5
1998 3108 2103 3184 19,
2124 3100 2282 3185 post
2306 3082 2471 3157 hor-

325 3217 532 3292 renda
567 3218 981 3319 tempestatis
1015 3218 1454 3320 phaenomena
1478 3236 1742 3307 monet,
1775 3218 1923 3292 vela
1952 3216 2273 3293 maduisse.
2312 3221 2470 3293 Non

330 3351 543 3449 igitur
562 3370 704 3427 erat
722 3408 743 3442 ,
768 3381 889 3428 cur
908 3352 1250 3443 Heinsius„
1268 3354 1422 3443 VII,
1454 3352 1618 3456 527,
1646 3354 1848 3429 verba
1865 3381 2004 3457 quoe
2024 3353 2194 3427 victa
2195 3354 2462 3456 jacebat,

324 3505 400 3563 ut
433 3488 655 3564 otiosa
690 3486 1098 3589 etnlanguida
1117 3507 1278 3592 post
1304 3489 1685 3592 superiora,
1712 3487 1929 3564 deleta
1946 3485 2193 3563 mallet.
2221 3489 2469 3562 Intem-

323 3624 576 3724 pestive
596 3622 796 3701 etiam
815 3624 1081 3714 inserit,
1110 3653 1257 3726 quae
1276 3624 1589 3699 brevitati
1616 3641 1683 3698 et
1702 3622 2163 3725 perspicuitati
2191 3620 2465 3697 obsunt.

330 3762 538 3850 -1v‚
578 3757 887 3861 616-19,
925 3760 1209 3835 Perseus
1245 3787 1449 3861 super
1476 3758 1764 3859 Libycas
1788 3757 2041 3860 pendet
2062 3786 2293 3833 arenas
2312 3813 2332 3847 ,
2362 3775 2467 3848 et,

321 3891 467 3967 626
486 3951 509 3983 ,
537 3895 851 3969 consistit
880 3893 949 3969 in
982 3924 1191 3991 regno
1218 3892 1533 3969 Atlantis.
1565 3868 1818 3967 Versus
1843 3892 2052 3988 igitur
2072 3891 2366 3981 620-25,
2394 3891 2482 3998 in.

323 4028 575 4131 quibus
605 4028 740 4104 huc
760 4047 828 4104 et
853 4028 1049 4120 illuc,
1079 4029 1164 4104 ad
1196 4030 1444 4103 Arctos
1470 4046 1538 4102 et
1561 4028 1646 4102 ad
1670 4029 2001 4121 Cancrum
2021 4024 2221 4114 volat,
2252 4024 2467 4100 alieno

320 4160 479 4237 Ioco
504 4163 857 4264 interjecti.
895 4165 1072 4239 Sunt
1107 4181 1340 4237 contra
1363 4161 1548 4252 loca,
1582 4162 1656 4236 in
1687 4160 1932 4263 quibus
1955 4161 2139 4234 nimio
2171 4160 2471 4236 brevitatis·

324 4297 529 4375 studio
556 4300 777 4375 factus
800 4317 899 4375 est
930 4298 1295 4373 obscurior.
1332 4299 1437 4372 Eo
1458 4297 1625 4371 vitio
1645 4353 1666 4389 ,
1701 4299 1767 4386 1,
1822 4323 1956 4398 170
1988 4324 2176 4397 sqq„
2211 4295 2473 4371 laborat
