3217 5134
629 500 1667 572 METAMORPHOSEON
1721 504 1915 574 LIB.
1971 507 2033 575 Ι.
2313 509 2400 577 65

267 647 590 745 Quasque
624 643 1131 733 recondiderat,
1180 644 1564 746 Stygiisque
1598 645 1978 722 admoverat
2012 649 2268 725 umbris
2288 707 2308 741 ‚
2386 707 2397 723 .

264 760 706 838 Effodiuntur
735 789 933 862 opes,
971 761 1383 836 irritamenta
1416 759 1765 836 malorum.
2170 799 2181 808 ·
2312 789 2411 859 ¹40

268 881 553 978 Jamque
584 905 838 952 nocens
868 876 1154 966 serrum,
1188 876 1498 977 ferroque
1532 879 1886 952 nocentius
1919 907 2153 955 aurum

270 995 707 1071 Prodierant:
743 994 977 1095 prodit
1008 992 1294 1082 bellum,
1332 993 1517 1095 quod
1545 1013 1805 1096 pugnat
1836 1012 2165 1098 utroque3

272 1112 786 1213 Sangnineaque
819 1140 1021 1185 manu
1058 1110 1449 1211 crepitantia
1482 1113 1784 1186 concutit
1819 1143 2016 1189 arma.

271 1229 539 1303 Vivitur
564 1257 645 1303 ex
675 1245 871 1329 rapto
903 1257 918 1300 ε
951 1255 1089 1300 non
1119 1225 1368 1328 hospes
1398 1228 1481 1301 ab
1521 1226 1791 1330 hospite
1825 1247 2010 1305 tutus
2029 1288 2050 1320 ‚

269 1348 428 1420 Non
465 1372 654 1419 socer
685 1372 721 1417 a
758 1372 1045 1440 genero:
1075 1342 1351 1417 fratrum
1390 1373 1660 1446 quoque
1697 1347 1908 1440 gratia
1939 1377 2086 1424 rara
2115 1367 2254 1425 est:
2312 1371 2408 1441 145

267 1461 582 1535 Imminet
614 1462 819 1536 exitio
854 1461 957 1534 vir
991 1460 1336 1559 conjugis,
1374 1457 1488 1532 illa
1518 1461 1738 1534 mariti
1773 1477 1804 1535 ε’

262 1577 516 1651 Lurida
552 1573 882 1650 terribiles
916 1576 1197 1651 miscent
1226 1576 1487 1651 aconita
1520 1605 1858 1653 novercae:

341 1794 363 1826 1
372 1772 456 1843 ³9·
472 1773 709 1839 Quasque
722 1769 1296 1838 recondt'deral‚etc.Sed

263 1851 484 1923 egregie
512 1850 577 1903 de
614 1869 807 1920 genere
844 1848 1081 1903 humano
1118 1850 1299 1904 meriti

265 1942 396 1985 sumt
409 1970 427 1996 ,
453 1928 543 2000 qui
564 1928 773 1982 metalla
791 1928 981 1996 quibus
1000 1946 1136 1998 egre
1153 1937 1296 1981 caret

264 2009 376 2062 vita
400 2007 636 2061 humana
654 2046 669 2073 ,
710 2022 754 2058 e·
775 2006 928 2058 terris
953 2005 1110 2075 primi
1135 2024 1288 2058 erue-

266 2099 400 2143 runt
415 2127 431 2156 ‚
470 2105 763 2158 eorumque
798 2106 954 2141 usum
993 2085 1295 2140 hominibus

267 2168 740 2227 demonstrat-unu
765 2165 923 2236 idque
951 2166 1019 2218 ob
1042 2165 1294 2219 meritum

268 2246 424 2302 multi
448 2245 585 2300 adeo
606 2246 747 2300 inter
770 2245 915 2299 Deos
941 2244 1087 2297 relati
1116 2255 1241 2297 sunt
1263 2264 1294 2298 a

268 2337 418 2396 grata
436 2325 756 2395 posteritate.
794 2324 1006 2376 Abusus
1025 2341 1138 2376 non
1159 2323 1294 2377 tollit

267 2424 446 2459 usum.
482 2405 620 2459 Ptin„
662 2404 735 2457 H.
771 2403 838 2457 N.
880 2403 1117 2456 XXXIV
1136 2441 1152 2469 ‚
1200 2404 1287 2470 1⁴,

264 2486 473 2538 serrum
501 2490 651 2534 vocat
674 2485 909 2546 optimum
926 2487 1295 2549 pessimumque

265 2567 387 2615 vite
403 2565 781 2613 mmmmm
802 2597 816 2622 ,
843 2556 985 2625 quod
1003 2556 1193 2610 deinde
1211 2576 1293 2608 ex·

268 2640 441 2709 plicat.
467 2638 655 2706 Neque
677 2637 878 2691 Natura
903 2634 1013 2688 illas
1035 2653 1158 2705 opes
1186 2644 1292 2686 tam

264 2719 368 2772 alte
382 2713 711 2770 abscondidit
725 2734 739 2768 2
754 2715 918 2767 immo
933 2714 986 2766 in
1000 2714 1179 2767 multis
1188 2723 1294 2766 ter-

263 2799 337 2852 ris
364 2795 636 2850 ditissima
669 2794 783 2847 auri
808 2793 1116 2862 argentique
1141 2810 1290 2846 vene

265 2873 662 2947 propemodum
677 2874 731 2927 in
746 2873 1018 2943 superficie
1036 2883 1186 2926 terrae
1199 2892 1292 2926 ex·-

267 2956 449 3027 ppsitoe
486 2964 686 3024 patent.
735 2951 875 3007 Vide
921 2951 1105 3022 Gogue
1114 2962 1147 3005 t.
1181 2971 1294 3005 vom

274 3037 568 3103 Ursprunge
587 3037 679 3086 der
702 3035 919 3086 Geselte
932 3071 946 3093 ‚
977 3041 1073 3085 etc.
1096 3030 1150 3099 1,
1177 3032 1297 3096 2-4.

269 3141 334 3154 —
360 3110 642 3168 Ceterum
674 3110 740 3165 de
765 3109 1071 3164 inventione
1098 3108 1298 3163 metal-

268 3189 444 3243 lorum
470 3188 616 3243 locus
640 3187 849 3257 elegans
870 3198 950 3242 est
972 3185 1110 3257 apud
1136 3186 1292 3242 Lucr-

269 3266 355 3321 ΠΙ).
382 3269 469 3333 V,
504 3268 826 3338 1240-1295.

339 3348 454 3413 ¹4¹·
479 3347 770 3398 Noc-entius.
795 3342 1010 3396 Sacram
1033 3344 1181 3397 enim
1203 3345 1292 3397 sa-

271 3442 414 3477 mem
429 3423 603 3493 injicit
616 3420 1003 3475 mortalibus.-
1009 3424 1294 3489 θυσίμων-

269 3508 362 3554 ut
383 3508 589 3569 uimque
606 3539 620 3562 ‚
661 3497 895 3551 nummis
927 3498 1095 3552 aureis
1118 3510 1172 3553 et
1193 3500 1293 3552 ser·

269 3578 370 3631 reis
387 3577 572 3634 annis.
593 3575 763 3642 Aliter
782 3586 960 3629 tamen
981 3576 1143 3630 sensit
1161 3576 1292 3648 Pyr-

263 3656 393 3712 rhus
420 3678 436 3711 ι
461 3656 583 3710 vide
610 3655 722 3710 Cic.
755 3655 913 3711 Offic.
942 3656 999 3723 1,
1047 3676 1121 3709 ιιι.
1154 3656 1296 3726 Quis

267 3756 378 3791 non
407 3735 611 3790 audivit
635 3735 861 3807 Philippi
884 3735 1193 3790 Macedonis
1211 3756 1294 3789 ar-

261 3835 357 3870 ma
372 3814 604 3869 victricia
620 3855 637 3883 ‚
665 3817 880 3892 ἆργυρίας
901 3819 1072 3884 λέγχας
1087 3854 1103 3880 ,
1128 3825 1184 3868 et
1201 3815 1294 3868 asl-

265 3914 410 3950 num
429 3913 561 3948 auro
579 3907 827 3949 onustum
850 3908 862 3943 τ
884 3892 1144 3948 Graeciam
1163 3913 1292 3948 auro

261 3973 420 4042 ejus,
450 3989 562 4024 non
578 3973 749 4039 sen-0,
771 3970 1080 4026 subactam?
1107 3973 1204 4023 Ed.
1226 3996 1296 4011 -

255 4051 472 4104 Bellum
485 4056 688 4118 pugna!
708 4047 909 4118 poetice
935 4065 1060 4117 pro,
1085 4046 1292 4116 bellige-

259 4140 452 4183 rantes
468 4138 723 4199 pugnant.
737 4127 991 4182 solebant
1005 4127 1293 4180 autemVe·

255 4219 407 4262 teres
415 4208 658 4278 prelium
666 4205 848 4260 inituri
860 4212 1121 4259 conculam
1130 4223 1291 4268 arma,

255 4287 464 4347 honest
478 4287 641 4342 hastis
659 4297 750 4342 aut
768 4285 885 4357 pilis
901 4295 1044 4344 scuta
1064 4284 1291 4355 pulsam,

499 4388 659 4460 III.

1391 1782 1453 1826 ut
1476 1772 1564 1827 tali
1591 1775 1814 1846 strepitu
1855 1786 2186 1831 terrerentur
2220 1777 2412 1837 hostes.

1395 1852 1538 1906 Hine
1561 1853 1870 1923 frequenter
1897 1863 2114 1925 crepitus
2138 1877 2411 1914 armorum

1390 1929 1446 1982 in
1474 1928 1909 2001 descriptionibus
1933 1952 2243 2003 pugnarum.
2270 1935 2411 1991 Vide

1392 2005 1720 2076 Sphanhem.
1749 2008 1813 2061 ad
1841 2008 2044 2063 Callim.
2062 2010 2115 2064 h.
2136 2012 2257 2067 Del.
2276 2029 2412 2067 vers4

1397 2088 1491 2141 136
1505 2126 1521 2154 ‚
1546 2099 1602 2142 et
1624 2088 1921 2144 Arnaldum
1936 2092 1991 2145 in
2008 2093 2237 2162 Specim.
2261 2095 2410 2148 Ani-

1390 2167 1561 2220 madv.
1585 2187 1637 2238 p.
1665 2172 1742 2239 74.

1463 2247 1570 2311 ¹44·
1628 2248 1826 2300 Vivitur
1860 2266 1928 2300 es·
1972 2256 2131 2316 ταμία.
2175 2249 2410 2306 Gravem

1388 2318 1527 2375 banc
1555 2322 1844 2377 vitiositatis
1875 2325 2121 2380 humanae
2156 2327 2410 2399 deplora-

1389 2398 1591 2451 tionem
1605 2400 1807 2455 Seneca
1824 2402 2000 2457 laudat
2013 2444 2029 2471 ‚
2049 2404 2115 2458 de
2136 2406 2219 2459 Ira
2238 2408 2292 2461 11
2313 2448 2328 2473 ,
2345 2409 2375 2460 8
2390 2431 2408 2475 3

1390 2473 1457 2528 de
1480 2476 1665 2531 Benes.
1691 2481 1769 2544 V,
1803 2485 1861 2533 15
1880 2502 1893 2544 ;
1915 2481 1980 2534 N.
2006 2482 2078 2551 Q.
2096 2502 2221 2556 P·9¹
2236 2504 2276 2537 1.
2302 2485 2408 2538 Lo-

1388 2573 1479 2608 cus
1491 2555 1832 2613 adnrnbratus
1846 2579 1907 2612 ex
1925 2560 2141 2615 Hesiod.
2162 2582 2292 2616 vers.
2315 2585 2332 2616 ι
2344 2566 2406 2619 82

1387 2652 1523 2703 sqq:
1540 2639 1664 2691 Otio'e‘
1676 2647 1824 2713 πατὴρ
1837 2645 2081 2693 παίδεσσιν
2096 2644 2282 2708 ὁμοίως,
2302 2650 2405 2699 οὐδὲ

1387 2736 1435 2766 τι
1468 2720 1662 2780 παῖδας,
1697 2720 1819 2770 Οὐδὲ
1840 2727 1983 2784 ξεῖνος
2014 2723 2253 2791 ξιινοθᾶκῳ
2273 2760 2288 2787 ,
2326 2733 2409 2779 καὶ

1389 2792 1559 2865 ἑταῖρος
1590 2800 1754 2867 ἑταίρῳ
1773 2830 1787 2858 ,
1820 2797 1941 2848 032⁸?
1981 2804 2246 2863 κασίγνητος
2283 2808 2408 2870 φίλος

1387 2872 1589 2923 fecum.
1631 2869 1883 2924 Nostrum
1924 2875 2171 2943 expressit
2217 2877 2408 2932 Senec.

1390 2945 1551 3015 Hipp.
1585 2965 1717 3001 vers.
1752 2948 1849 3000 553
1886 2968 1996 3019 sqq.
2029 2951 2119 3007 sed
2144 2972 2256 3007 non
2286 2958 2408 3011 satis

1389 3025 1691 3080 feliciter.—
1703 3030 1955 3096 Exrapto.
1970 3032 2112 3087 Alibi
2121 3051 2189 3086 ex
2202 3037 2409 3091 omitti-

1394 3115 1484 3159 tur
1508 3106 1563 3159 in
1593 3105 1692 3162 hac
1711 3107 1952 3163 formula.

1458 3186 1567 3252 145.
1613 3188 1814 3239 Gratia.
1855 3185 2179 3244 Concordia.>
2198 3218 2266 3233 -
2286 3195 2403 3246 Im-

1386 3267 1544 3316 minet
1561 3282 1716 3334 grave
1740 3266 1883 3320 verb.
1906 3268 2090 3337 cupide
2116 3270 2287 3324 instat.

1461 3342 1566 3410 ¹47·
1595 3344 1789 3396 Laride
1804 3350 2024 3398 acom'ta.
2052 3346 2181 3399 Atra
2199 3386 2214 3414 ‚
2243 3349 2408 3403 tristia

1387 3430 1613 3472 Venena.
1646 3418 1731 3473 De
1764 3425 1997 3482 aconita,
2035 3422 2195 3475 herba
2230 3443 2403 3477 vene-

1388 3503 1513 3546 nata
1534 3533 1550 3561 ‚
1587 3496 1690 3550 vid.
1715 3495 1854 3550 infra
1878 3498 1984 3551 Vll
2002 3538 2017 3564 ‚
2046 3502 2159 3566 4¹5·
2183 3502 2406 3555 Lunidus

1388 3573 1599 3643 proprie
1625 3573 1690 3626 de
1712 3574 1907 3644 pallore
1932 3577 2247 3631 cadaverum
2270 3579 2403 3635 diei-

1388 3660 1477 3704 tur
1496 3670 1508 3703 :
1527 3651 1631 3706 vid.
1652 3651 1916 3707 Brouelth.
1932 3654 1997 3706 ad
2024 3656 2262 3726 Propert.
2290 3659 2401 3727 lv,

1389 3742 1493 3794 vn,
1510 3749 1555 3780 α.
1571 3730 1716 3784 Hinc
1732 3731 1893 3785 etiam
1903 3751 2109 3787 venena
2120 3736 2321 3790 letifera
2332 3737 2406 3790 di-

1389 3818 1584 3861 cuntur
1593 3811 1763 3862 lurida
1776 3811 1842 3863 ab
1853 3811 2059 3865 effectu.
2069 3814 2212 3867 Ante
2228 3815 2406 3869 oculos

1389 3898 1568 3942 autem
1583 3886 1777 3942 Noster
1788 3889 2313 3962 habuitVirg.Georg.
2328 3894 2404 3961 11,

1396 3967 1489 4019 128
1507 3973 1621 4037 sqq.
1655 3967 1745 4020 ubi
1765 3986 1914 4020 ,πονε
1942 3987 2161 4022 noverca
2194 3977 2412 4026 mascenl

1388 4048 1569 4101 herbas
1590 4055 1644 4100 e!
1662 4067 1763 4100 non
1783 4052 1998 4101 maana
2019 4053 2183 4103 verba.
2215 4050 2404 4108 Claud.

1391 4127 1496 4179 XV
1511 4164 1527 4192 ‚
1574 4126 1664 4194 173
1696 4144 1710 4178 ε
1748 4128 1934 4179 Adhuc
1965 4130 2139 4194 ignota
2182 4137 2409 4185 novercis

1394 4205 1659 4256 Gramina.
1673 4201 1826 4256 Adeo
1834 4204 1970 4256 male
1984 4204 2112 4257 olim
2126 4209 2411 4262 audiebant

1388 4297 1630 4341 noverca
1647 4280 1660 4334 Ε
1683 4307 1751 4327 -··
1762 4281 1852 4336 Ad
1867 4282 2129 4354 exemplar
2144 4286 2340 4357 Nostri,
2351 4297 2410 4344 et

2092 4387 2134 4453 5
