3217 5134
856 536 989 620 434

1400 537 1480 601 Ρ.
1547 535 1922 604 OVIDII
1976 534 2452 603 NASONIS

860 707 894 739 »
935 673 1198 747 Ponite.
1233 703 1268 737 n
1303 672 1708 774 Deponunt,
1738 671 2111 775 infectaque
2145 701 2330 748 saera
2363 671 2796 775 relinquunt,

855 789 1193 891 Quodque
1224 788 1418 878 licet,
1456 789 1662 863 tacito
1697 806 2095 865 venerantur
2125 814 2463 867 murmure
2491 819 2762 866 numen.

851 906 1205 1003 Indignata
1238 906 1382 981 Dea
1416 922 1551 995 est;
1582 933 1979 1007 summoque
2013 905 2083 978 in
2113 904 2355 980 vertice
2391 906 2678 1008 Cynthi,

850 1020 1133 1098 Talibus
1171 1040 1274 1097 est
1306 1022 1502 1098 dictis
1539 1023 1801 1119 gemina
1829 1005 1983 1097 eutii
2014 1019 2206 1123 prole
2239 1020 2518 1124 loquuta
2548 1054 2564 1097 :

861 1174 896 1206 «
936 1142 1046 1214 En
1083 1167 1210 1237 ego
1243 1156 1459 1214 vesu-a
1488 1166 1734 1240 parens
1755 1195 1774 1227 ,
1814 1138 2009 1214 vobis
2043 1139 2340 1215 animosa
2372 1140 2607 1215 creatis
2633 1196 2654 1226 ,

863 1292 897 1324 ›>
938 1260 1068 1346 Et,
1102 1256 1236 1331 nisi
1266 1254 1563 1342 Junoni,
1598 1253 1770 1330 nulli
1805 1281 2070 1333 cessura
2096 1255 2430 1344 Dearum,

861 1408 897 1440 »
939 1375 1051 1449 An
1081 1373 1227 1446 Dea
1261 1371 1384 1445 sim
1405 1427 1425 1460 ,
1459 1370 1771 1458 dubitor3
1808 1398 2059 1473 perque
2095 1370 2319 1445 omnia
2353 1366 2569 1444 secula
2601 1368 2799 1444 cultis

865 1524 900 1555 >2
940 1492 1235 1577 Arceor,
1273 1517 1314 1561 o
1348 1488 1489 1562 nati
1510 1544 1531 1575 ,
1569 1486 1701 1561 nisi
1737 1514 1859 1564 vos
1894 1484 2324 1573 succurritis,
2362 1485 2512 1560 aris.

865 1646 900 1678 >›
939 1615 1078 1686 Nec
1110 1609 1309 1684 dolor
1337 1610 1451 1684 hic
1482 1609 1710 1698 solus;
1750 1609 1899 1684 diro
1934 1609 2230 1684 convicia
2264 1609 2439 1683 facto

2897 1644 2978 1682 21⁰

866 1768 901 1800 »
940 1732 1241 1809 Tantalis
1274 1731 1514 1833 adjecit
1535 1789 1554 1821 ,
1592 1760 1847 1833 vosque
1881 1749 1985 1807 est
2015 1750 2429 1833 postponere
2462 1731 2639 1805 natis

868 1892 904 1923 »
941 1860 1127 1933 Ausa
1154 1856 1332 1945 suis3
1367 1872 1434 1930 et
1465 1885 1569 1930 me
1593 1912 1614 1944 ,
1658 1844 1843 1957 quod
1875 1856 1946 1929 in
1984 1855 2199 1956 ipsam
2232 1854 2513 1942 recidat,
2541 1855 2774 1929 orbam

865 2014 902 2047 »
942 1979 1174 2067 Dixin
1210 1996 1279 2054 et
1310 1976 1622 2053 exhibuit
1655 1977 1951 2073 linguam
1987 1975 2296 2051 scelerata
2331 1994 2698 2079 paternam.
2734 2013 2767 2043 »ι

859 2103 1222 2203 Adjectura
1251 2128 1480 2202 preces
1517 2117 1660 2174 erat
1692 2099 1801 2175 his
1834 2102 2091 2175 Latona
2118 2098 2388 2174 relatis:

866 2260 900 2292 «
938 2225 1184 2327 Desine
1200 2280 1219 2312 ,
1245 2222 1546 2298 Phoebus
1567 2221 1693 2311 ait,
1726 2249 1940 2323 poenae
1965 2250 2151 2297 mora
2171 2221 2405 2318 longa,
2432 2221 2753 2323 querelas.
2789 2257 2821 2288 ι»
2891 2244 2974 2296 215

858 2439 1013 2502 queat
1039 2468 1056 2497 ,
1104 2430 1220 2497 eius
1259 2446 1403 2482 sacra
1450 2425 1732 2496 relinquite
1761 2466 1776 2492 ,
1830 2437 1886 2481 et

856 2510 1107 2582 deponite
1125 2509 1334 2563 laurum
1349 2526 1471 2577 qua,
1491 2506 1708 2574 iubente
1726 2508 1885 2560 Man-

856 2598 937 2647 to,
963 2588 1133 2640 crines
1154 2595 1353 2639 vestros
1375 2582 1619 2637 cinxistis.
1641 2604 1667 2630 ιο
1694 2584 1794 2636 Ed.
1817 2610 1886 2623 —

860 2668 1139 2726 Mamm-e,
1172 2661 1237 2716 de
1275 2671 1518 2733 precante
1552 2660 1717 2714 etiam
1749 2660 1881 2731 ³273

862 2747 1020 2796 tac-170
1032 2783 1046 2803 ‚
1069 2740 1193 2794 leni.
1219 2738 1547 2809 Compressis
1564 2737 1720 2791 labris
1736 2756 1884 2792 mus-

852 2821 1025 2875 sitant.
1056 2818 1199 2873 Loco
1222 2818 1381 2872 citato
1411 2836 1424 2870 z
1443 2821 1636 2884 pavido
1651 2856 1666 2879 ,
1692 2815 1882 2884 sareas

858 2901 1008 2961 milli,
1032 2876 1277 2951 murgum
1298 2898 1459 2959 deltil,
1488 2905 1584 2949 etc.

930 2980 1043 3045 204·-
1097 2977 1159 3030 In
1216 2978 1443 3048 Cyntho,
1483 2974 1607 3030 Deli
1653 2984 1837 3031 monte
1864 3013 1880 3042 ‚

864 3058 1067 3112 Latona
1126 3057 1396 3113 colebatur
1439 3076 1561 3112 eum
1620 3055 1881 3126 Apolline.

862 3136 1104 3191 Breviter
1139 3134 1381 3205 Apollod.
1408 3135 1599 3191 liberos
1631 3138 1883 3212 παρώξυνε.

861 3242 928 3254 —
948 3214 1231 3275 Animosa,
1291 3213 1529 3282 superba.
1568 3239 1636 3252 --
1663 3215 1887 3265 Dubitat

863 3293 1204 3347 Burmannus
1225 3291 1369 3344 inter
1390 3291 1672 3361 singularia
1703 3292 1881 3345 refert.

861 3371 1081 3426 Dictum
1104 3380 1162 3422 ut
1183 3374 1398 3436 hapa-mr
1421 3379 1476 3422 et
1497 3368 1609 3423 alia.
1643 3368 1725 3423 De
1748 3367 1885 3421 divi-

863 3450 1026 3504 nitate
1051 3448 1268 3501 Latona
1283 3465 1393 3499 non
1410 3445 1739 3500 dubitaverat
1757 3446 1890 3500 Nio-

862 3528 928 3582 be
951 3551 966 3594 ;
997 3527 1089 3583 sed
1114 3528 1191 3580 ira
1213 3526 1344 3580 solet
1373 3524 1649 3579 maledicta
1677 3525 1886 3578 alterius

867 3625 1073 3677 augere.
1108 3630 1176 3646 ··-
1215 3606 1414 3667 Cultam·
1463 3622 1599 3657 unus
1618 3643 1633 3670 ,
1660 3608 1881 3666 canem,

868 3684 1008 3754 quod
1050 3684 1261 3753 prasert
1292 3678 1484 3736 Daniel
1532 3681 1797 3736 Heinsius.
1821 3709 1889 3723 --

867 3761 1019 3833 Regii
1043 3761 1209 3815 nostri
1230 3801 1246 3827 ,
1268 3761 1722 3814 culle’s.—Arce!ut
1741 3759 1889 3815 Deus

862 3847 998 3899 arete,
1030 3837 1244 3908 quando
1267 3839 1380 3907 ejus
1407 3857 1548 3891 sacra
1576 3838 1634 3889 in
1668 3837 1767 3891 aris
1792 3838 1888 3891 in—

868 3916 1229 3981 terdicuntur,
1256 3914 1488 3970 habitare
1513 3915 1661 3968 enim
1687 3916 1758 3969 ibi
1772 3936 1890 3970 cre-

876 3995 1115 4049 debatur.

934 4092 1045 4126 212.
1084 4073 1307 4125 Recidal
1339 4070 1560 4123 verbum
1603 4069 1660 4121 in
1699 4068 1797 4122 hac
1830 4088 1888 4123 re

868 4151 1142 4218 proprium
1164 4189 1180 4218 ,
1233 4160 1287 4203 et
1341 4150 1566 4220 primam
1620 4147 1889 4201 interdum

874 4226 1130 4297 producit.
1177 4228 1315 4282 Vide
1350 4226 1609 4281 Brouckh.
1648 4227 1712 4280 ad
1741 4227 1891 4281 Pro-

871 4314 1000 4381 pert.
1027 4304 1127 4374 IV,
1154 4321 1259 4362 vlu
1282 4345 1298 4374 ,
1330 4307 1410 4373 44.
1432 4333 1500 4347 -
1523 4306 1701 4373 Huius
1721 4305 1891 4376 prima

1980 2424 2172 2498 syllaba
2218 2445 2429 2496 semper
2488 2426 2630 2496 apud
2683 2429 2976 2483 recentiores

1980 2503 2263 2574 corripitur
2280 2525 2292 2569 ;
2313 2502 2455 2558 unde
2476 2504 2692 2574 quidam
2709 2508 2866 2562 metri
2880 2525 2979 2560 cor-

1981 2582 2188 2652 rigendi
2210 2601 2363 2636 causa
2387 2583 2704 2654 scripserunt
2719 2624 2736 2649 ‚
2761 2588 2984 2639 acceia.

1984 2657 2167 2711 Ed.-
2189 2657 2412 2712 Veteres
2437 2670 2606 2713 autem
2621 2699 2636 2726 ,
2659 2660 2746 2713 ubi
2768 2662 2984 2714 ominosi

1981 2734 2173 2805 aliquid
2202 2735 2480 2790 audierant
2495 2778 2510 2805 ‚
2527 2738 2578 2790 in
2599 2736 2776 2792 hostes
2799 2737 2853 2791 id
2873 2759 2988 2792 ver·

1981 2824 2094 2866 tere
2125 2812 2380 2867 solebant.
2405 2843 2474 2856 -—
2496 2816 2736 2869 Exhibeat
2769 2818 2988 2884 hispan

1970 2897 2236 2958 palernam
2251 2930 2265 2953 ,
2297 2910 2511 2961 peccare
2537 2891 2742 2963 lingua,
2767 2903 2833 2946 ut
2855 2902 2989 2963 pater

1981 2967 2267 3035 Tantalus,
2305 2966 2579 3040 divulgatis
2611 2969 2763 3024 Jovis
2793 2970 2984 3025 aronis

1980 3047 2175 3114 Magna
2216 3050 2394 3115 lingua
2435 3047 2621 3118 Nioba
2657 3049 2902 3103 tribuitur
2930 3047 2984 3100 ab

1983 3123 2236 3190 Horatio,
2273 3124 2352 3177 lv
2371 3163 2387 3191 ,
2415 3122 2523 3178 od.
2548 3142 2610 3177 vi
2629 3165 2647 3193 ,
2688 3148 2709 3180 ι
2739 3147 2755 3181 z
2781 3125 2982 3198 Apollo,

1978 3224 2120 3273 quem
2127 3208 2300 3272 proles
2316 3206 2512 3258 Niobea
2526 3225 2724 3276 uagae
2750 3209 2982 3260 Venderet

1977 3287 2161 3350 le'nguae
2184 3287 2360 3336 sensit.

2051 3365 2163 3428 214.
2184 3362 2466 3431 Adfectus-a
2470 3382 2667 3430 preces.
2690 3364 2866 3435 Vulgo
2879 3403 2895 3432 ,
2914 3364 2984 3415 de·

1971 3441 2211 3507 J’eclura5
2261 3437 2445 3493 Consi.
2487 3441 2619 3494 Fan.
2643 3481 2661 3508 ‚
2701 3445 2984 3507 adjecmm·

1985 3516 2238 3570 Heinsius
2273 3517 2499 3572 malebat
2526 3521 2799 3573 admotum
2812 3540 2832 3587 ,·
2856 3521 2986 3574 Bur-

1987 3606 2215 3647 mannus
2239 3614 2301 3647 ex
2324 3613 2435 3647 uno
2469 3595 2683 3665 praesert
2704 3600 2990 3649 amatum.

1989 3671 2211 3728 Codices
2234 3674 2402 3727 nostri
2425 3674 2610 3745 Regii,
2639 3672 2924 3743 adseclam,

2055 3756 2168 3806 215.
2213 3755 2418 3807 Desine.
2468 3752 2730 3808 Desinere
2779 3750 2959 3823 aliquid
2975 3790 2990 3815 .

1985 3828 2041 3883 id
2069 3840 2146 3882 est
2164 3870 2180 3898 ,
2205 3830 2257 3883 id
2279 3830 2519 3884 deserere
2538 3872 2553 3899 ,
2579 3832 2643 3885 ab
2661 3852 2730 3886 eo
2748 3832 2994 3887 desistere.

1989 3906 2127 3960 vide
2148 3908 2433 3962 Heinsium
2458 3908 2523 3962 ad
2552 3909 2669 3964 Art.
2699 3910 2879 3964 Amat.
2915 3908 2990 3973 ll,

1991 3988 2179 4057 726.—
2197 3991 2348 4043 Mora
2371 3993 2524 4058 longa
2537 4031 2551 4052 ,
2583 3995 2852 4059 qaenam,-
2874 3989 2993 4042 hunc

1986 4067 2163 4120 locum
2186 4068 2437 4122 Heinsius
2458 4068 2532 4123 ita
2552 4069 2830 4141 constituit
2850 4090 2864 4131 3
2888 4064 2994 4119 ml·-

1988 4165 2055 4215 go
2073 4185 2088 4213 ,
2113 4166 2253 4199 mom
2275 4151 2428 4215 longa
2449 4151 2646 4215 querela
2667 4154 2766 4201 est.
2789 4175 2856 4187 -
2881 4145 2997 4199 Pos-

1990 4227 2156 4281 terior
2191 4226 2303 4281 haee
2337 4227 2489 4281 lectio
2526 4226 2581 4281 in
2620 4227 2821 4283 nostris
2853 4226 2996 4280 etiam

1993 4304 2276 4361 Codicibus
2302 4306 2477 4378 Regiis
2496 4317 2588 4363 est.
2616 4308 2720 4361 Ed.
