3217 5134
666 537 1716 615 METAMORPHOSEON
1767 548 1954 618 LIB.
2017 554 2075 620 1.
2355 558 2434 623 51

300 677 477 773 Quae
510 673 771 752 diversa
801 676 968 753 locis
996 682 1243 782 partim
1277 683 1640 760 sorbentur
1672 689 1757 763 ab
1791 689 1972 791 ipsa,
2375 720 2445 790 40

296 793 381 864 In
418 819 599 865 mare
628 795 1027 893 perveniunt
1055 798 1301 898 partim
1320 856 1338 889 ‚
1375 828 1744 905 campoque
1777 825 2041 908 recepta

295 906 670 984 Liberioris
703 940 926 1012 aquae,
960 940 1088 1014 pro
1125 915 1295 1017 ripis
1329 915 1531 993 litora
1564 918 1857 1021 pulsant.
1911 1004 1919 1011 ,

296 1023 522 1098 Jussit
555 1044 624 1100 et
653 1027 920 1107 extendi
953 1058 1254 1133 campos,
1292 1033 1640 1109 subsidere
1671 1035 1907 1128 valleS,

298 1140 569 1216 Fronde
610 1142 741 1239 tegi
774 1143 1003 1233 silvas,
1037 1145 1382 1248 lapidosos
1408 1178 1678 1246 surgere
1713 1171 1997 1229 montes,

299 1258 534 1359 thue
568 1257 712 1334 duae
747 1260 977 1336 dextra
1007 1262 1236 1338 caelum
1256 1321 1275 1353 ,
1314 1264 1730 1369 totidemque
1765 1269 2035 1345 sinistra
2381 1298 2447 1366 45

299 1373 503 1449 Parte
537 1395 764 1451 secant
794 1381 1025 1469 zonae,
1065 1382 1299 1483 quinta
1330 1400 1435 1457 est
1462 1384 1804 1460 ardentior
1834 1387 1968 1463 illis
1997 1419 2014 1478 3

298 1493 418 1597 Sic
454 1521 628 1567 onus
661 1492 992 1570 inclusum
1027 1526 1306 1573 numero
1345 1500 1651 1577 distinxit
1682 1504 1916 1579 eodem

303 1609 490 1684 Cura
521 1609 687 1700 Dei3
719 1610 1127 1713 totidemque
1160 1613 1376 1716 plagae
1410 1615 1645 1692 tellure
1674 1639 2103 1720 premuntur:

299 1811 451 1865 ribus
464 1810 711 1865 defluunt
730 1833 743 1877 ;
754 1816 1132 1882 pmnosflun‘os
1148 1815 1231 1869 alii
1248 1816 1333 1870 di-

298 1898 530 1942 cunt—
551 1891 782 1958 Oblt‘que‘s
800 1890 1067 1960 eleganter
1087 1893 1333 1963 exprimit

298 1984 521 2019 cursum
577 1964 865 2019 fluviorum
912 1978 1227 2024 tortuosum.
1266 1998 1335 2012 —-

307 2045 517 2106 Cast-rit.
542 2042 771 2098 inclusit.

373 2126 458 2189 40.
484 2123 594 2175 Pro
609 2126 807 2176 deversa
820 2125 971 2187 locis,
1005 2123 1200 2195 Georg.
1217 2126 1329 2198 lv,

304 2202 405 2273 367
421 2242 437 2269 ,
462 2202 523 2255 in
548 2201 777 2271 pedestri
802 2203 1040 2271 oratione
1064 2204 1329 2275 usitatius,

302 2284 521 2336 diversit
541 2282 682 2335 locis.
704 2309 772 2322 -
794 2285 1086 2345 Sede-ntur,
1114 2294 1177 2337 ut
1200 2285 1333 2339 Are-

303 2362 477 2415 thusa.
503 2360 745 2429 Quidam
768 2361 997 2415 subeunt
1019 2371 1185 2417 terras
1201 2402 1217 2429 ‚
1239 2363 1333 2417 sed

304 2461 432 2497 mox
452 2441 786 2509 redduntur,
821 2451 882 2494 ut
904 2440 1073 2513 Lycus
1092 2442 1145 2495 in
1173 2442 1299 2497 Asia
1316 2483 1333 2511 ,

306 2520 568 2576 Erasinus
598 2519 656 2573 in
702 2519 947 2590 Argolica
983 2538 996 2573 :
1033 2519 1155 2573 vide
1194 2521 1332 2575 Plin.

305 2601 383 2653 H.
409 2600 477 2653 N.
502 2598 559 2652 11
579 2637 596 2666 ,
640 2598 751 2651 103.
1296 2602 1305 2613 ·

370 2681 453 2746 41.
491 2681 807 2733 Pmem‘eml.
840 2674 1173 2732 Francosurt.
1197 2698 1332 2733 con-

301 2762 540 2823 veniunt,
583 2754 763 2809 addita
801 2754 899 2810 hac
938 2756 1103 2826 glossa
1118 2794 1134 2824 ,
1169 2761 1339 2810 1⁰d'est

296 2854 416 2888 cun
430 2837 876 2901 aleirflum'nibus.
905 2833 1104 2887 Probat
1116 2833 1334 2905 quidem

298 2916 653 2970 Burmannus
669 2956 684 2979 ‚
727 2920 1065 2981 conoem'unm
1101 2916 1193 2970 sed
1235 2936 1333 2991 ego

298 2995 438 3050 nihil
498 2992 823 3048 mutandum
875 2994 1115 3049 arbitror.
1187 2995 1335 3050 Alios

299 3075 453 3130 enim
480 3073 670 3127 fluvios
692 3072 838 3126 velut
866 3072 1132 3144 intercipit
1157 3085 1297 3128 terra
1317 3114 1333 3144 ,

303 3156 394 3209 alii
446 3174 616 3226 usque
679 3152 746 3208 ad
795 3170 942 3207 mare
999 3155 1333 3225 perveniunt.

306 3236 531 3301 Campus
552 3244 609 3286 et
629 3252 797 3303 equor
811 3242 1200 3302 quamcumque
1226 3233 1336 3303 pla-

302 3314 496 3368 nitiem
538 3312 833 3383 designant.
867 3313 1013 3366 Hinc
1045 3324 1334 3384 utrumque

301 3392 486 3445 vooeb.
510 3390 812 3463 promiscue
836 3409 960 3444 mox
993 3390 1058 3444 de
1083 3391 1297 3461 planitie
1316 3431 1332 3455 ,

304 3470 444 3542 agris
460 3509 476 3537 ,
493 3488 620 3522 mox
636 3468 701 3521 de
718 3468 995 3539 superficie
1015 3480 1106 3522 aut
1124 3469 1193 3524 de
1208 3471 1336 3524 sun-

304 3552 383 3605 do
394 3550 556 3603 maris
567 3549 773 3604 dicitur.
786 3548 981 3603 Melius
995 3560 1172 3603 tamen
1191 3568 1339 3604 nunc

304 3629 646 3683 abstinuisset
680 3627 734 3680 h.
768 3646 880 3680 voc.
899 3668 913 3695 ,
945 3627 1067 3696 quia
1099 3627 1336 3696 proxime

299 3710 549 3779 sequitur
574 3709 1017 3777 exlendit-cmpos.

381 3790 461 3855 42.
499 3787 794 3841 Liben'onlr.
830 3786 954 3839 Non
995 3784 1207 3840 incluse
1245 3803 1340 3839 an·

304 3866 477 3938 gustis
492 3863 634 3934 ripis.
665 3867 814 3932 Vaga
828 3883 965 3933 aqua
979 3883 1007 3916 a
1027 3864 1222 3919 Nostro
1247 3884 1339 3935 ap-

302 3942 541 4015 pellatur
562 3942 787 3996 Her-oid.
812 3943 863 3995 X
884 3982 899 4009 ,
934 3941 1042 3994 136.
1063 3944 1242 3996 —Pro
1265 3948 1343 3996 ri-

293 4026 397 4093 pis·
420 4031 550 4088 etc„
583 4040 763 4075 merus
787 4021 930 4075 lusus
954 4022 1340 4092 grammaticus.

301 4131 380 4144 —
400 4103 576 4156 Sidere
597 4112 688 4156 aut
710 4105 967 4155 subsidere
996 4099 1061 4153 de
1089 4099 1211 4154 locis
1234 4100 1342 4154 de-

302 4180 501 4253 pressis
531 4190 587 4234 et
619 4180 980 4250 complanatis.
1012 4177 1138 4231 Vid.
1171 4177 1341 4232 Gron.

304 4257 597 4313 Observat.
637 4277 688 4328 p.
729 4258 826 4329 726
857 4277 872 4311 ι
919 4277 1119 4325 surgere
1160 4267 1345 4310 contra

308 4335 487 4405 (quasi
510 4337 702 4407 surrigi
719 4376 737 4408 ,
774 4353 989 4392 sursum
1017 4331 1126 4406 agi)
1151 4333 1217 4387 de
1252 4334 1342 4401 iis,

1431 1838 1547 1889 quae
1558 1833 1863 1876 excrescunt
1878 1823 1934 1876 in
1952 1824 2300 1880 altitudinem.
2319 1826 2451 1883 Dra-

1425 1896 1581 1951 kenb.
1606 1898 1674 1951 ad
1700 1899 1887 1954 Silium
1907 1941 1921 1969 ,
1962 1902 2048 1956 111
2068 1944 2083 1970 ,
2122 1904 2223 1977 659
2249 1925 2262 1958 ε
2291 1909 2453 1960 stores

1427 1974 1605 2028 bonor
1630 1978 1909 2046 arborum,
1935 2000 2067 2034 vers.
2093 1981 2221 2049 346.'

1494 2055 1575 2121 44.
1601 2057 1901 2123 lapidosos.
1923 2057 2189 2112 Gebhard.
2216 2059 2374 2132 Crep.
2395 2063 2422 2116 1
2436 2103 2452 2130 ,

1428 2130 1462 2183 6
1476 2171 1492 2199 ,
1527 2140 1783 2198 spatiosos
1815 2155 2048 2189 crescere.
2088 2137 2157 2190 Et
2193 2138 2261 2191 ita
2287 2140 2452 2195 Palat.

1429 2226 1528 2261 sec.
1543 2209 1615 2263 At
1629 2209 1852 2264 alterum
1874 2214 2105 2283 agnoscit
2118 2213 2353 2268 Lactant.
2373 2217 2450 2283 11,

1433 2286 1463 2337 5
1479 2324 1495 2352 ,
1519 2295 1575 2339 et
1594 2306 1792 2355 surgere
1814 2290 2114 2359 exquisitius
2129 2311 2288 2361 quam
2304 2313 2453 2347 cres-

1430 2382 1554 2416 cem.
1565 2363 1742 2418 Etiam
1753 2371 2013 2437 lapidosos
2030 2368 2207 2425 minus
2221 2370 2453 2443 vulgare,

1431 2462 1591 2514 quam
1613 2453 1887 2518 spatiosos.

1495 2526 1577 2591 45.
1610 2527 1774 2594 thue
1786 2528 1897 2580 duee
1909 2531 2090 2581 dextra
2106 2539 2202 2585 etc.
2228 2529 2453 2600 Quem-
2494 2559 2564 2618 4

1431 2600 1723 2656 admodum
1768 2604 1828 2658 in
1865 2605 1992 2659 caelo
2033 2608 2267 2678 quinque
2306 2628 2453 2663 zonae

1429 2690 1582 2748 sunt,
1611 2682 1730 2737 duae
1752 2684 1953 2754 frigidae
1969 2726 1983 2752 ‚
2012 2686 2233 2740 totidem
2258 2698 2456 2758 tempe·

1429 2757 1557 2813 ratssae
1575 2799 1590 2827 ,
1628 2780 1736 2814 una
1762 2762 1962 2816 torrida
1985 2784 1998 2827 ;
2035 2764 2106 2817 sic
2134 2776 2186 2817 et
2211 2766 2266 2818 in
2295 2776 2453 2820 terra.

1431 2838 1497 2892 In
1519 2838 1708 2893 harum
1724 2840 2070 2910 descriptione
2088 2843 2284 2897 Nostro
2308 2862 2456 2914 prae—

1430 2915 1637 2972 iverant
1659 2918 1844 2989 Virgil.
1879 2920 2070 2990 Georg.
2098 2920 2124 2973 1
2142 2960 2158 2987 ,
2189 2921 2287 2974 233
2309 2941 2421 2992 sqq.
2438 2962 2453 2990 ,

1431 3003 1487 3048 et
1511 2994 1687 3048 Tibul.
1713 2996 1795 3049 lv
1813 3036 1827 3064 ,
1853 3011 1876 3048 1
1897 3036 1913 3064 ,
1948 3000 2212 3068 152—174,
2240 2998 2330 3068 qui
2353 3017 2457 3052 cae-

1430 3074 1838 3145 teriscopiosior
1854 3086 1947 3129 est.
1967 3073 2051 3129 Cs.
2076 3076 2237 3130 etiam
2265 3075 2456 3131 Claud.

1433 3148 1499 3205 R.
1534 3154 1595 3206 P.
1626 3153 1652 3206 1
1679 3193 1695 3221 ,
1732 3153 1983 3224 257-263.
2015 3154 2192 3208 Multo
2217 3156 2458 3210 ornatior

1433 3231 1631 3287 Ovidio
1655 3242 1736 3286 est
1760 3231 2026 3304 Virgilius.
2051 3234 2159 3287 Pro
2184 3253 2248 3288 eo
2268 3275 2283 3302 ‚
2312 3234 2456 3305 quod

1430 3310 1517 3366 hic
1533 3310 1755 3383 legimus
1772 3352 1788 3381 ,
1806 3319 1887 3365 est
1896 3316 2176 3379 ardentior,
2202 3313 2287 3367 ille
2303 3314 2456 3368 dixit:

1431 3410 1536 3444 rma
1557 3410 1766 3444 corusco
1796 3393 1999 3462 Semper
2031 3397 2142 3446 sole
2164 3396 2372 3455 rubens,
2409 3401 2464 3444 et

1431 3471 1627 3521 torrida
1638 3488 1834 3539 semper
1842 3474 1909 3523 ab
1930 3473 2046 3537 t‘fflu’
2056 3486 2075 3535 ‚·
2103 3467 2237 3523 etde
2258 3468 2458 3540 frigidis

1433 3564 1546 3599 non
1569 3546 1692 3599 satis
1716 3546 1898 3601 habuit
1920 3550 2082 3600 allam
2110 3552 2271 3600 niuem
2296 3567 2456 3601 com-

1434 3641 1734 3678 memorare
1749 3664 1764 3690 ,
1784 3623 1874 3678 sed
1895 3639 1907 3673 :
1929 3627 2144 3678 caemlea
2154 3628 2324 3694 glacie
2337 3644 2461 3680 cou-

1434 3709 1579 3756 crelae
1599 3706 1751 3771 atque
1769 3706 2010 3757 imbribus
2033 3708 2174 3756 alth.
2193 3740 2216 3760 e

1502 3780 1581 3849 46.
1607 3782 1822 3849 Secanl,
1868 3780 2111 3836 dividunt
2140 3801 2153 3835 z
2187 3781 2406 3835 ductum
2430 3782 2480 3835 a*

1435 3857 1637 3929 sphaera
1654 3898 1668 3926 ,
1695 3878 1853 3928 quam
1883 3867 2066 3913 secant
2086 3859 2280 3913 circuli.
2320 3862 2463 3912 Onus

1433 3941 1717 3999 inclusum,
1751 3938 1917 3992 moles
1941 3948 2097 3993 terre
2116 3977 2130 4004 ,
2170 3956 2330 4007 quam
2365 3939 2463 3991 in·-

1436 4016 1601 4071 cludit
1623 4015 1826 4070 caelum.
1842 4044 1911 4056 -
1934 4018 2068 4069 Cura
2083 4020 2195 4070 Dei
2212 4026 2290 4070 est
2313 4016 2463 4071 Deus

1435 4093 1545 4162 ipse
1576 4131 1591 4161 ,
1653 4092 1743 4147 sed
1794 4103 2053 4163 quatenus
2095 4112 2279 4148 curam
2327 4096 2465 4166 gerit

1438 4171 1645 4225 mundi.
1671 4172 1810 4225 Fast.
1822 4188 1845 4224 1
1864 4212 1879 4239 ,
1906 4171 1967 4241 37
1985 4191 1998 4225 :
2014 4174 2142 4227 Haec
2159 4176 2317 4243 igilur
2334 4179 2470 4237 vidt‘t

1438 4258 1664 4309 trabeati
1672 4272 1798 4306 cura
1821 4256 2035 4321 Que’n'm‘.

1506 4336 1585 4403 48.
1624 4328 1822 4389 TeIlure
1835 4375 1852 4400 ,
1895 4332 2045 4390 deest
2065 4339 2135 4389 e'n.
2171 4338 2470 4391 Ptemunlur
