3217 5134
516 580 650 646 DE
712 579 1049 646 OPERE
1103 577 2195 651 METAMORPHOSEON.
2369 585 2443 648 15

285 716 689 820 Polyphemi
712 720 905 807 XIII,
932 717 1072 820 789
1094 747 1269 820 sqq.,
1292 718 1732 794 Theocritum
1751 737 1903 795 ante
1922 719 2158 796 oculos
2181 720 2444 796 habuit.

282 849 632 926 Nonnulla
653 850 895 925 sumsit
910 851 998 925 ab
1016 850 1385 953 Euripide:
1411 878 1628 953 neque
1658 870 1876 928 tamen
1903 854 2280 954 putandum
2308 872 2443 943 est,

284 1012 523 1086 presso
558 1012 712 1059 eum
752 983 923 1085 pede
958 1001 1265 1059 auctores
1302 982 1459 1059 illos
1494 1001 1795 1061 secutum
1836 1015 1978 1063 esse
2003 1044 2022 1077 ,
2061 987 2179 1062 sed
2211 989 2306 1063 ita
2332 1016 2449 1064 eos

284 1116 579 1217 respexit
601 1171 620 1205 ‚
670 1132 749 1189 ut
781 1114 1005 1190 solent
1055 1115 1370 1217 praeclara
1419 1119 1688 1214 ingenia
1745 1119 2030 1194 aliorum
2075 1122 2346 1197 inventa
2376 1123 2450 1195 in

288 1279 485 1324 suum
519 1277 722 1323 usum
758 1266 1161 1324 convertere.
1192 1252 1274 1323 In
1298 1249 1708 1351 Tisiphones
1735 1251 1972 1326 habitu
2009 1251 2448 1329 describendo

288 1383 408 1470 lv,
431 1379 611 1474 480,
635 1380 1043 1455 concertavit
1061 1409 1211 1454 cum
1236 1380 1547 1476 virgilie,
1576 1410 1860 1484 eumque
1885 1384 2050 1458 adeo
2074 1387 2450 1486 superavit:

288 1532 355 1589 et
388 1543 539 1616 quae
574 1514 686 1590 ille
726 1514 807 1590 de
836 1514 1088 1589 lumine
1126 1542 1251 1616 per
1297 1531 1539 1590 terram
1584 1516 1808 1591 fissam
1855 1518 1928 1590 in
1968 1536 2210 1592 tartara
2238 1548 2451 1621 pene-

290 1664 506 1721 trante
555 1647 783 1722 obiter
823 1665 1119 1736 tantum,
1168 1647 1685 1749 comparationis
1721 1676 1921 1722 causa
1948 1705 1967 1736 ,
2016 1649 2272 1725 dixerat
2300 1708 2318 1741 ‚
2374 1681 2450 1726 ea

289 1783 539 1855 Noster
561 1783 648 1871 V,
685 1779 829 1854 356
852 1810 1035 1884 sqq.,
1062 1780 1280 1855 multo
1303 1780 1544 1855 melius
1570 1809 1724 1854 cum
1744 1783 2076 1869 Homero,
2106 1782 2225 1883 qui
2253 1784 2448 1858 etiam

292 1913 584 2010 Virgilio
632 1916 1019 2016 praeiverat,
1059 1914 1387 1989 adhibuit.
1425 1915 1798 2017 Superatur
1832 1914 2102 2015 quidem
2136 1917 2309 2005 XII,
2367 1943 2449 1989 12

293 2074 439 2147 sqq.
456 2103 476 2136 ,
510 2047 582 2119 in
609 2045 840 2121 fabula
863 2046 945 2122 de
969 2046 1253 2121 dracone
1282 2046 1355 2119 in
1380 2044 1673 2147 lapidem
1697 2063 1954 2120 mutato
1986 2048 2072 2122 ab
2103 2049 2403 2124 Homero
2427 2080 2442 2135 ;

294 2178 409 2253 sed
455 2181 624 2254 vlll
646 2236 665 2269 ‚
708 2179 848 2281 738
875 2236 894 2269 ,
932 2180 1005 2252 in
1036 2178 1514 2254 Erisichthone
1561 2178 1867 2254 notando
1902 2180 2211 2281 superior
2247 2180 2452 2258 Calli-

292 2309 567 2402 macho,
607 2330 781 2387 certe
806 2341 948 2386 non
979 2312 1300 2400 deterior,
1336 2311 1687 2412 reperitur.
1719 2311 2016 2387 Laudem
2039 2311 2250 2408 igitur
2280 2331 2347 2387 et
2377 2315 2449 2387 in

294 2445 436 2521 aliis
466 2445 783 2521 imitandis
823 2463 1115 2522 meretur
1154 2477 1170 2520 ε
1207 2474 1428 2547 neque
1463 2472 1621 2519 vero
1657 2445 2009 2520 inventionis·
2047 2444 2262 2541 gloria
2292 2474 2443 2521 eum

296 2580 600 2656 fraudare
636 2580 845 2655 decet.
881 2581 1151 2655 Etenim
1189 2609 1334 2681 quae
1369 2579 1455 2654 ad
1478 2577 1762 2653 aliorum
1788 2577 2230 2653 imitationem
2264 2607 2445 2653 com-

296 2715 557 2815 posuit,
592 2742 667 2788 ea
699 2714 1038 2788 minimam
1080 2712 1473 2814 amplissimi
1511 2711 1734 2813 operis
1776 2709 1980 2810 hujus
2011 2728 2269 2812 partem
2306 2710 2449 2786 effi-

296 2847 481 2920 ciunt
502 2903 521 2934 ,
560 2874 769 2947 quum
793 2846 1141 2920 innumera
1162 2844 1309 2919 loca
1326 2844 1524 2918 variis
1549 2843 1914 2917 virtutibus
1943 2843 2179 2917 eximia
2198 2900 2218 2931 ,
2246 2845 2445 2919 innu-

294 3007 473 3053 mera
509 2979 858 3075 figmenta,
895 2977 1200 3080 plurimae
1231 2975 1812 3077 amplificationeS,
1856 2975 2279 3062 notationeS,
2325 2975 2442 3051 de—

296 3112 717 3213 scriptiones,
735 3110 1233 3213 dispositiones,
1250 3107 1744 3196 similitudineS,
1773 3107 2032 3209 aliaque
2057 3128 2442 3183 ornamenta

298 3248 470 3336 sint,
505 3247 690 3350 quod
721 3248 1007 3321 sciamus
1034 3302 1053 3336 ,
1089 3245 1306 3347 ipsius
1340 3242 1590 3317 Ovidii.
1654 3243 1869 3317 Famae
1904 3243 2442 3345 prosopopoeiam

297 3408 719 3455 communem
747 3380 1015 3480 quidem
1035 3408 1186 3453 cum
1207 3375 1495 3472 Virgilio
1520 3374 1763 3464 habet;
1799 3374 1913 3450 sed
1943 3377 2012 3449 iu
2037 3404 2110 3450 ea
2135 3376 2444 3472 fingenda

297 3542 492 3588 suum
529 3512 875 3608 ingenium
909 3527 1177 3585 secutus
1201 3525 1347 3596 est,
1377 3505 1561 3609 quod
1589 3523 1659 3580 et
1688 3506 1759 3578 in
1782 3506 2001 3579 Famis
2023 3563 2042 3594 ,
2077 3506 2349 3581 Invidiae
2379 3525 2442 3581 et

300 3645 534 3719 Somni
562 3646 874 3747 personis
897 3643 1291 3740 effingendis
1323 3643 1394 3715 in
1430 3669 1740 3736 magnam
1766 3666 1952 3713 suam
1984 3640 2245 3715 laudem
2268 3640 2440 3716 fecit.

297 3778 626 3881 Lycaonis
660 3778 1068 3880 impietatem
1090 3793 1157 3852 et
1178 3803 1442 3877 poenam
1463 3802 1603 3848 non
1628 3774 1770 3876 ipse
1792 3773 1994 3849 refert
2013 3830 2032 3864 ‚
2070 3774 2186 3849 sed
2210 3777 2442 3849 Jovem

291 3928 671 3985 narrantem
695 3910 975 3984 inducit.
1012 3909 1142 3983 Hic
1179 3907 1387 4005 igitur
1411 3906 1593 3981 haud
1627 3906 1829 3980 dubie
1856 3906 1997 4009 ipse
2025 3934 2164 3979 rem
2191 3906 2281 3980 ita
2309 3905 2446 3979 dis-

293 4046 565 4147 posuit,
597 4062 679 4118 ut
714 4043 854 4119 eaeli
887 4044 1137 4139 regiam
1157 4099 1176 4132 ,
1216 4060 1619 4117 conventum
1664 4041 1962 4114 Deorum
1985 4096 2003 4128 ,
2061 4038 2250 4112 Jovis
2277 4066 2448 4147 prae-‹-

296 4178 545 4253 sidium
580 4177 783 4252 nobis
809 4194 964 4251 ante
1000 4173 1231 4249 oculos
1264 4191 1546 4276 poneret
1567 4230 1584 4264 ,
1624 4173 1969 4273 eidemque
2014 4173 2159 4245 Deo
2195 4172 2447 4246 oratio-

295 4340 449 4387 nem
470 4311 802 4386 tribueret
822 4307 1345 4397 disertissimam,
1368 4307 1477 4381 cui
1493 4305 1721 4382 fabula
1741 4306 1822 4382 de
1845 4308 2151 4407 Lycaone
2170 4306 2438 4380 intexta.
