3217 5134
826 545 962 628 264

1359 542 1437 610 P.
1513 545 1877 613 ovl-Dll
1934 542 2395 614 NASONIS

830 688 998 781 Igne
1029 681 1158 757 levi
1191 711 1393 771 cerae,
1427 684 1903 785 matutinaeque
1926 684 2185 785 pruinae

827 800 987 875 Sole
1024 817 1289 901 tepente
1324 798 1582 887 solent;
1623 799 1716 873 sic
1748 817 2129 875 attenuatus
2162 826 2387 875 amore

830 917 1183 1017 Liquitur3
1220 933 1289 990 et
1324 943 1493 990 caeco
1531 916 1850 1017 paulatim
1881 917 2174 1018 carpitur
2205 915 2367 1012 igni.

827 1034 921 1106 Et
950 1061 1168 1134 neque
1193 1032 1327 1133 jam
1355 1032 1546 1107 color
1575 1051 1679 1108 est
1708 1034 1920 1108 mixto
1948 1033 2235 1108 candore
2270 1029 2543 1117 rubori3

834 1148 974 1222 Nec
1008 1148 1232 1242 vigor,
1273 1165 1340 1222 et
1370 1148 1577 1236 vires,
1614 1166 1683 1223 et
1710 1178 1854 1250 quae
1884 1149 2086 1223 modo
2120 1149 2259 1223 visa
2293 1146 2644 1250 placebant
2663 1201 2685 1234 ,

833 1265 973 1339 Nec
1004 1292 1248 1366 corpus
1279 1281 1572 1339 remanet
1590 1321 1613 1353 ‚
1647 1265 1981 1366 quondam
2015 1263 2199 1366 quod
2232 1278 2559 1337 amaverat
2588 1262 2802 1337 Echo.

836 1383 1008 1480 Quae
1042 1400 1261 1456 tamen
1294 1399 1373 1455 ut
1404 1382 1607 1472 vidit,
1644 1383 1946 1483 quamvis
1976 1381 2143 1456 irata
2174 1408 2559 1480 memorque
2577 1434 2596 1469 ‚

829 1497 1134 1573 Indoluit
1164 1530 1179 1571 ε
1213 1499 1607 1600 quotiesque
1647 1528 1815 1600 puer
1847 1497 2274 1587 miserabilis,
2307 1496 2542 1570 Eheu!
2868 1516 2955 1588 495

829 1615 1145 1701 Dixerat;
1181 1616 1319 1690 haec
1351 1617 1608 1691 resonis
1647 1616 1930 1691 iterabat
1964 1615 2278 1703 vocibus,
2316 1613 2555 1688 Eheu!

836 1730 1201 1832 Quumque
1236 1760 1394 1807 suos
1430 1732 1740 1806 manibus
1773 1748 2188 1835 percusserat
2215 1729 2328 1805 ille
2356 1730 2633 1805 lacertos
2652 1785 2672 1817 ,

833 1847 991 1922 Haec
1023 1876 1300 1949 quoque,
1320 1848 1644 1923 reddebat
1674 1849 1968 1923 sonitum
1996 1846 2340 1949 plangoris
2374 1845 2699 1920 eumdem.

837 1962 1089 2040 Ultima
1126 1994 1254 2040 vox
1290 1965 1554 2040 solitam
1584 1966 1714 2039 fuit
1749 1966 1886 2039 haec
1922 1961 2280 2064 spectantis
2312 1960 2383 2033 in
2415 1961 2706 2048 undam;

837 2082 990 2155 Heu
1025 2080 1270 2157 frustra
1306 2081 1541 2157 dilecte
1571 2084 1779 2183 puer!
1816 2079 2226 2179 totidemque
2263 2077 2525 2159 remisiti
2871 2095 2957 2148 500

836 2197 1058 2271 Verba
1092 2197 1321 2281 locus;
1358 2197 1675 2297 dictoque
1708 2196 1910 2285 Vale,
1951 2195 2114 2270 Vale
2147 2194 2371 2295 inquit
2397 2211 2464 2268 et
2498 2192 2709 2266 Echo.

836 2310 957 2386 Ille
996 2329 1196 2413 caput
1231 2311 1424 2385 viridi
1457 2313 1703 2389 sessum
1739 2311 2050 2387 submisit
2081 2311 2150 2385 in
2177 2311 2422 2398 herba;

839 2426 1121 2500 Lumina
1151 2454 1290 2499 nox
1323 2425 1568 2534 claudit
1586 2479 1606 2514 ‚
1642 2427 1898 2501 domini
1931 2426 2236 2502 mirantia
2268 2427 2568 2500 formam.

900 2610 1013 2680 490.
1041 2608 1287 2675 liquitur.
1323 2605 1584 2675 Liquescit
1621 2625 1680 2659 ac
1712 2625 1856 2676 pau-

833 2685 980 2739 latim
1016 2685 1359 2738 consumitur.
1386 2686 1484 2736 Ed.
1522 2709 1589 2725 -·
1625 2686 1703 2735 Et
1720 2702 1856 2739 ceco

833 2772 1056 2836 carpilur
1071 2770 1192 2835 igni.
1213 2763 1441 2819 Occulto
1465 2782 1646 2817 amore
1668 2803 1683 2829 ,
1714 2764 1857 2817 clan-

833 2843 1040 2898 destino
1058 2883 1074 2910 ,
1096 2863 1192 2912 per
1205 2843 1442 2896 membra
1467 2852 1520 2895 et
1534 2860 1647 2895 ossa
1668 2860 1857 2894 mean-

834 2922 909 2990 ti,
953 2924 1229 2976 cruciatur.
1273 2921 1416 2974 Male
1448 2920 1616 2974 nostri
1658 2920 1807 2989 Regii
1834 2957 1850 2986 ,

831 3007 964 3053 lecto
981 3040 993 3059 .
1030 2999 1172 3068 quod
1198 3000 1420 3069 glossam
1438 2998 1656 3052 redolet.
1672 2997 1852 3066 Longe

832 3079 1044 3145 rectius,
1071 3099 1204 3132 caeco
1225 3083 1356 3146 igni,
1377 3078 1563 3132 tertius
1582 3076 1855 3130 Mediceus

834 3167 888 3209 et
911 3156 1146 3225 quinque
1172 3156 1287 3216 alii;
1312 3176 1400 3209 sex
1417 3174 1513 3226 pro
1530 3155 1733 3209 diversa
1747 3154 1856 3207 lec-

830 3237 976 3290 tione
1002 3233 1053 3287 id
1069 3236 1240 3305 ipsum
1257 3235 1518 3289 exhibent.
1535 3236 1737 3288 Notum
1752 3233 1855 3287 hoe

835 3313 982 3383 Virg.
1000 3312 1243 3378 AEn.1V,
1263 3333 1291 3364 a
1309 3351 1325 3378 ,
1354 3315 1548 3366 Vulnus
1558 3317 1659 3365 alit
1671 3317 1813 3365 venis
1828 3352 1843 3374 ‚

829 3400 883 3447 et
920 3411 1053 3445 ceco
1094 3396 1318 3460 carpitur
1356 3396 1478 3458 iyni-
1522 3390 1623 3443 Ed.
1662 3419 1731 3432 -—
1766 3391 1851 3445 De

828 3474 993 3527 verbo
1008 3477 1175 3539 carpi,
1210 3469 1328 3524 vide
1346 3469 1410 3523 ad
1434 3470 1521 3536 11,
1555 3474 1645 3539 781
1668 3492 1683 3536 ς
1707 3470 1850 3523 unde

830 3561 1071 3622 apparet,
1099 3555 1298 3617 passim
1321 3567 1465 3602 nunc
1483 3567 1635 3619 posse
1660 3548 1850 3601 abesse.

828 3632 1151 3691 —Elw‘oes‚
1171 3646 1269 3697 pro
1290 3647 1383 3681 nec
1397 3631 1558 3680 vires:
1575 3626 1694 3679 vide
1714 3626 1853 3679 Bur-

830 3725 1109 3760 mannum.

892 3789 1005 3860 49¹·
1047 3788 1122 3838 Et
1153 3802 1312 3854 neque
1355 3794 1453 3836 etc.
1499 3782 1582 3835 Ad
1624 3788 1849 3853 ᾳελαύτων

824 3886 869 3916 νε
851 3868 1044 3937 εοσὸγων
1021 3869 1204 3917 νκεῑῶο
1211 3865 1376 3932 ησισέ
1351 3884 1441 3916 ew
1418 3861 1665 3929 vingenia
1680 3862 1850 3931 expri-

822 3941 1050 4006 menda,
1078 3940 1344 4010 eleganter
1366 3939 1592 3992 sumitur
1617 3938 1714 3992 flos
1736 3958 1849 3992 ver·

821 4037 955 4085 nus,
983 4018 1284 4087 idemque
1273 4026 1373 4072 σὼ
1354 4024 1512 4087 σμὸρος
1548 4016 1736 4086 pluvie
1765 4018 1846 4071 si-

821 4095 968 4159 titur,
995 4114 1160 4164 quum
1182 4094 1482 4164 ejusmodi'
1470 4095 1680 4164 ingenia
1699 4114 1849 4165 spem

818 4172 899 4225 sui
923 4172 1020 4225 sub
1047 4173 1191 4226 initia
1225 4172 1502 4242 prodigam
1535 4174 1807 4242 prebeant
1828 4210 1846 4239 ,

824 4270 986 4321 quam
1005 4262 1178 4305 tamen
1198 4254 1413 4318 fallunt,
1439 4263 1491 4306 et
1515 4255 1677 4323 frugis
1693 4255 1846 4311 bonae

819 4331 1236 4402 expectationem
1261 4331 1570 4387 destituunt.
1594 4334 1696 4386 Ed.

2016 2610 2129 2680 494.
2159 2610 2399 2675 Qnamm's
2415 2611 2552 2660 irata
2569 2622 2849 2673 memorque
2867 2621 2915 2657 se
2931 2620 2953 2653 a

1952 2686 2192 2740 Narcisso
2216 2686 2370 2739 fuisse
2386 2695 2631 2754 spretam.
2649 2686 2753 2738 Ed.
2771 2710 2837 2723 -
2852 2683 2955 2734 Me-

1950 2784 2070 2823 mor,
2096 2764 2288 2818 scilicet
2314 2764 2520 2832 injurie
2542 2763 2639 2833 ipsi
2660 2764 2826 2817 sacta.
2859 2758 2953 2814 sed

1952 2842 2187 2912 displicet
2202 2842 2465 2897 Glareano
2480 2883 2494 2910 ,
2521 2842 2662 2912 quod
2682 2841 2833 2895 Echo
2847 2859 2955 2892 mu-

1952 2935 2056 2978 tata
2080 2925 2135 2978 in
2167 2923 2397 2994 lapidem
2432 2926 2618 2979 viderit
2652 2923 2957 2977 Narcissum.

1952 3001 2258 3072 Respondet
2273 3003 2614 3056 Burmannus
2626 3013 2842 3072 poetam
2854 3016 2958 3053 nar·

1949 3101 2086 3135 rasse
2115 3082 2330 3151 quidem
2354 3082 2462 3151 iam
2486 3092 2639 3135 antea
2666 3091 2957 3134 metamor-

1950 3158 2138 3228 phosin
2164 3159 2340 3214 Echus
2361 3199 2376 3226 ,
2402 3160 2493 3213 sed
2519 3177 2637 3213 earn
2665 3158 2824 3212 simul
2849 3174 2960 3210 cum

1949 3239 2174 3293 Narcissi
2201 3240 2660 3294 transformatione
2686 3238 2879 3291 saetam
2897 3254 2961 3289 es·

1949 3336 2019 3371 se.
2044 3318 2237 3372 Putem
2255 3357 2271 3383 ‚
2297 3321 2467 3371 videre
2482 3316 2708 3369 omuino
2725 3335 2837 3369 esse
2859 3333 2963 3368 sen·

1950 3395 2048 3447 tire
2067 3433 2083 3462 ,
2109 3394 2419 3464 intelligere.
2441 3395 2563 3448 Hoc
2577 3403 2791 3462 poterat
2808 3434 2824 3460 ‚
2854 3392 2962 3461 quia

1948 3492 2094 3527 nunc
2131 3492 2342 3543 quoque
2381 3490 2605 3543 persona
2641 3482 2776 3526 erat.
2813 3473 2961 3525 Pne-

1948 3558 2092 3603 terea
2105 3550 2288 3619 sapius
2302 3550 2415 3619 iam
2428 3549 2843 3617 observavimus,
2862 3547 2962 3599 hac

1950 3638 2004 3681 et
2027 3627 2147 3681 talia
2175 3628 2229 3680 in
2249 3627 2446 3683 Ovidio
2458 3646 2570 3682 non
2589 3647 2699 3681 esse
2721 3624 2963 3696 urgenda.

1950 3704 2221 3760 Caeterum
2245 3705 2514 3776 ingeniose
2541 3705 2691 3759 Echo
2709 3705 2796 3758 bic
2814 3703 2966 3757 indu-

1946 3781 2084 3835 citur
2128 3793 2182 3836 et
2217 3782 2405 3837 sabulae
2450 3782 2757 3837 innectitur.
2796 3780 2964 3835 Etiam

1943 3859 2071 3913 illud
2094 3863 2313 3914 indoluit
2331 3880 2393 3916 ex
2416 3871 2610 3915 natura
2635 3858 2816 3914 Echus
2834 3860 2962 3913 bene

1943 3938 2305 3993 confirmatur.
2334 3938 2475 3993 Male
2515 3937 2772 3993 Heinsius
2806 3937 2957 3991 etiam

1943 4035 2097 4071 versu
2114 4020 2240 4084 5οι,
2270 4021 2414 4071 lacus
2438 4017 2651 4086 recepit.
2674 4016 2854 4070 Immo
2874 4019 2959 4067 Io-

1942 4114 2063 4158 cus,
2094 4096 2152 4149 in
2180 4115 2286 4167 quo
2311 4107 2513 4151 mutata
2548 4093 2731 4162 Echo,
2771 4093 2959 4187 remit-

1942 4173 2087 4227 tebat
2110 4175 2285 4228 verba.

2008 4255 2121 4309 503.
2146 4257 2266 4309 Not
2292 4257 2501 4308 clandii.
2549 4252 2779 4308 Codices
2801 4249 2958 4305 nostri

1942 4332 2095 4403 Regii
2113 4372 2130 4401 ‚
2150 4353 2283 4390 mors
2298 4337 2499 4391 clausit.
2515 4332 2706 4403 Quum
2721 4332 2809 4388 hic
2817 4329 2957 4387 nullo
