<?xml version="1.0" encoding="UTF-8"?>
<!DOCTYPE html PUBLIC "-//W3C//DTD XHTML 1.0 Transitional//EN"
    "http://www.w3.org/TR/xhtml1/DTD/xhtml1-transitional.dtd">
<html xmlns="http://www.w3.org/1999/xhtml" xml:lang="en" lang="en">
 <head>
  <title>
</title>
<meta http-equiv="Content-Type" content="text/html;charset=utf-8" />
  <meta name='ocr-system' content='tesseract 3.04.00' />
  <meta name='ocr-capabilities' content='ocr_page ocr_carea ocr_par ocr_line ocrx_word'/>
</head>
<body>
  <div class='ocr_page' id='page_1' title='image "./publiusovidiusn01giergoog_0038.png"; bbox 0 0 3217 5134; ppageno 0'>
   <div class='ocr_carea' id='block_1_1' title="bbox 719 472 2047 540">
    <p class='ocr_par' dir='ltr' id='par_1_1' title="bbox 719 472 2047 540">
     <span class='ocr_line' id='line_1_1' title="bbox 719 472 2047 540; baseline 0.001 -2"><span class='ocrx_word' id='word_1_1' title='bbox 719 474 761 538; x_wconf 79' lang='lat'><em>8</em></span> <span class='ocrx_word' id='word_1_2' title='bbox 1516 472 2047 540; x_wconf 69' lang='lat' dir='ltr'><strong>PRAEFATIO</strong></span> 
     </span>
    </p>
   </div>
   <div class='ocr_carea' id='block_1_2' title="bbox 882 609 2413 1224">
    <p class='ocr_par' dir='ltr' id='par_1_2' title="bbox 882 609 2413 1224">
     <span class='ocr_line' id='line_1_2' title="bbox 886 609 2296 688; baseline -0.001 -17"><span class='ocrx_word' id='word_1_3' title='bbox 886 610 1083 673; x_wconf 86' lang='lat' dir='ltr'><strong>Edidit</strong></span> <span class='ocrx_word' id='word_1_4' title='bbox 1112 610 1402 688; x_wconf 78' lang='lat' dir='ltr'><strong>hinnitus,</strong></span> <span class='ocrx_word' id='word_1_5' title='bbox 1431 623 1491 672; x_wconf 90' lang='lat' dir='ltr'><strong>et</strong></span> <span class='ocrx_word' id='word_1_6' title='bbox 1522 609 1751 672; x_wconf 84' lang='lat' dir='ltr'><strong>brachia</strong></span> <span class='ocrx_word' id='word_1_7' title='bbox 1774 613 1959 675; x_wconf 80' lang='lat' dir='ltr'><strong>movit</strong></span> <span class='ocrx_word' id='word_1_8' title='bbox 1983 612 2045 673; x_wconf 86' lang='lat' dir='ltr'><strong>in</strong></span> <span class='ocrx_word' id='word_1_9' title='bbox 2075 611 2296 674; x_wconf 84' lang='lat' dir='ltr'><strong>herbas.</strong></span> 
     </span>
     <span class='ocr_line' id='line_1_3' title="bbox 882 715 2330 802; baseline -0.001 -23"><span class='ocrx_word' id='word_1_10' title='bbox 882 720 1039 779; x_wconf 84' lang='lat' dir='ltr'><strong>Tum</strong></span> <span class='ocrx_word' id='word_1_11' title='bbox 1071 715 1236 800; x_wconf 75' lang='lat' dir='ltr'><strong>digiti</strong></span> <span class='ocrx_word' id='word_1_12' title='bbox 1263 729 1505 794; x_wconf 86' lang='lat' dir='ltr'><strong>coeunt,</strong></span> <span class='ocrx_word' id='word_1_13' title='bbox 1537 729 1597 778; x_wconf 90' lang='lat' dir='ltr'><strong>et</strong></span> <span class='ocrx_word' id='word_1_14' title='bbox 1627 717 1839 799; x_wconf 78' lang='lat' dir='ltr'><strong>quinos</strong></span> <span class='ocrx_word' id='word_1_15' title='bbox 1867 717 2075 802; x_wconf 77' lang='lat' dir='ltr'><strong>adligat</strong></span> <span class='ocrx_word' id='word_1_16' title='bbox 2106 738 2330 802; x_wconf 87' lang='lat' dir='ltr'><strong>ungues</strong></span> 
     </span>
     <span class='ocr_line' id='line_1_4' title="bbox 882 822 2304 908; baseline -0.001 -22"><span class='ocrx_word' id='word_1_17' title='bbox 882 825 1173 908; x_wconf 82' lang='lat' dir='ltr'><strong>Perpetuo</strong></span> <span class='ocrx_word' id='word_1_18' title='bbox 1206 845 1391 885; x_wconf 86' lang='lat' dir='ltr'><strong>cornu</strong></span> <span class='ocrx_word' id='word_1_19' title='bbox 1417 822 1559 884; x_wconf 78' lang='lat' dir='ltr'><strong>levis</strong></span> <span class='ocrx_word' id='word_1_20' title='bbox 1588 823 1803 907; x_wconf 88' lang='lat' dir='ltr'><strong>ungula</strong></span> <span class='ocrx_word' id='word_1_21' title='bbox 1827 847 1842 883; x_wconf 89' lang='lat'>:</span> <span class='ocrx_word' id='word_1_22' title='bbox 1867 824 2073 885; x_wconf 85' lang='lat' dir='ltr'><strong>crescit</strong></span> <span class='ocrx_word' id='word_1_23' title='bbox 2096 835 2155 884; x_wconf 89' lang='lat' dir='ltr'><strong>et</strong></span> <span class='ocrx_word' id='word_1_24' title='bbox 2185 823 2304 885; x_wconf 88' lang='lat' dir='ltr'><strong>oris</strong></span> 
     </span>
     <span class='ocr_line' id='line_1_5' title="bbox 882 928 2244 1015; baseline -0.001 -24"><span class='ocrx_word' id='word_1_25' title='bbox 882 933 965 992; x_wconf 88' lang='lat' dir='ltr'><strong>Et</strong></span> <span class='ocrx_word' id='word_1_26' title='bbox 991 929 1124 992; x_wconf 88' lang='lat' dir='ltr'><strong>colli</strong></span> <span class='ocrx_word' id='word_1_27' title='bbox 1154 929 1399 1012; x_wconf 83' lang='lat' dir='ltr'><strong>spatium</strong></span> <span class='ocrx_word' id='word_1_28' title='bbox 1435 954 1451 991; x_wconf 69' lang='grc' dir='ltr'>ε</span> <span class='ocrx_word' id='word_1_29' title='bbox 1480 929 1670 1015; x_wconf 80' lang='lat' dir='ltr'><strong>longae</strong></span> <span class='ocrx_word' id='word_1_30' title='bbox 1698 952 1825 1012; x_wconf 87' lang='lat' dir='ltr'><strong>pars</strong></span> <span class='ocrx_word' id='word_1_31' title='bbox 1850 929 2050 993; x_wconf 87' lang='lat' dir='ltr'><strong>ultima</strong></span> <span class='ocrx_word' id='word_1_32' title='bbox 2079 928 2244 1011; x_wconf 86' lang='lat' dir='ltr'><strong>pallae</strong></span> 
     </span>
     <span class='ocr_line' id='line_1_6' title="bbox 882 1031 2413 1120; baseline -0.003 -24"><span class='ocrx_word' id='word_1_33' title='bbox 882 1034 1077 1097; x_wconf 88' lang='lat' dir='ltr'><strong>Cauda</strong></span> <span class='ocrx_word' id='word_1_34' title='bbox 1102 1034 1169 1095; x_wconf 84' lang='lat' dir='ltr'><strong>fit</strong></span> <span class='ocrx_word' id='word_1_35' title='bbox 1197 1057 1212 1093; x_wconf 72' lang='grc' dir='ltr'>ι</span> <span class='ocrx_word' id='word_1_36' title='bbox 1236 1046 1417 1115; x_wconf 87' lang='lat' dir='ltr'><strong>utque</strong></span> <span class='ocrx_word' id='word_1_37' title='bbox 1442 1036 1572 1120; x_wconf 82' lang='lat' dir='ltr'><strong>vagi</strong></span> <span class='ocrx_word' id='word_1_38' title='bbox 1602 1034 1788 1096; x_wconf 82' lang='lat' dir='ltr'><strong>crines</strong></span> <span class='ocrx_word' id='word_1_39' title='bbox 1816 1055 1922 1116; x_wconf 77' lang='lat' dir='ltr'><strong>per</strong></span> <span class='ocrx_word' id='word_1_40' title='bbox 1947 1033 2093 1097; x_wconf 90' lang='lat' dir='ltr'><strong>colla</strong></span> <span class='ocrx_word' id='word_1_41' title='bbox 2118 1031 2373 1115; x_wconf 82' lang='lat' dir='ltr'><strong>jacebant</strong></span> <span class='ocrx_word' id='word_1_42' title='bbox 2395 1075 2413 1106; x_wconf 92' lang='lat'><strong>‚</strong></span> 
     </span>
     <span class='ocr_line' id='line_1_7' title="bbox 885 1139 1632 1224; baseline -0.004 -22"><span class='ocrx_word' id='word_1_43' title='bbox 885 1143 958 1203; x_wconf 89' lang='lat' dir='ltr'><strong>In</strong></span> <span class='ocrx_word' id='word_1_44' title='bbox 990 1142 1207 1203; x_wconf 83' lang='lat' dir='ltr'><strong>dextras</strong></span> <span class='ocrx_word' id='word_1_45' title='bbox 1235 1139 1423 1202; x_wconf 86' lang='lat' dir='ltr'><strong>abiere</strong></span> <span class='ocrx_word' id='word_1_46' title='bbox 1449 1140 1632 1224; x_wconf 84' lang='lat' dir='ltr'><strong>jubas.</strong></span> 
     </span>
    </p>
   </div>
   <div class='ocr_carea' id='block_1_3' title="bbox 722 1289 2874 1534">
    <p class='ocr_par' dir='ltr' id='par_1_3' title="bbox 722 1289 2874 1534">
     <span class='ocr_line' id='line_1_8' title="bbox 729 1289 2874 1399; baseline -0.003 -27"><span class='ocrx_word' id='word_1_47' title='bbox 729 1298 1134 1399; x_wconf 79' lang='lat' dir='ltr'><strong>Quanquam</strong></span> <span class='ocrx_word' id='word_1_48' title='bbox 1160 1295 1273 1369; x_wconf 90' lang='lat' dir='ltr'><strong>hic</strong></span> <span class='ocrx_word' id='word_1_49' title='bbox 1299 1296 1572 1391; x_wconf 81' lang='lat' dir='ltr'><strong>ingenio</strong></span> <span class='ocrx_word' id='word_1_50' title='bbox 1610 1295 1863 1370; x_wconf 89' lang='lat' dir='ltr'><strong>abusus</strong></span> <span class='ocrx_word' id='word_1_51' title='bbox 1894 1312 1997 1370; x_wconf 86' lang='lat' dir='ltr'><strong>est</strong></span> <span class='ocrx_word' id='word_1_52' title='bbox 2029 1311 2262 1397; x_wconf 77' lang='lat' dir='ltr'><strong>poeta,</strong></span> <span class='ocrx_word' id='word_1_53' title='bbox 2292 1310 2650 1367; x_wconf 82' lang='lat' dir='ltr'><strong>extremam</strong></span> <span class='ocrx_word' id='word_1_54' title='bbox 2681 1289 2874 1394; x_wconf 79' lang='lat' dir='ltr'><strong>pallae</strong></span> 
     </span>
     <span class='ocr_line' id='line_1_9' title="bbox 722 1426 2874 1534; baseline -0.003 -28"><span class='ocrx_word' id='word_1_55' title='bbox 722 1449 981 1534; x_wconf 86' lang='lat' dir='ltr'><strong>partem</strong></span> <span class='ocrx_word' id='word_1_56' title='bbox 1012 1430 1085 1505; x_wconf 85' lang='lat' dir='ltr'><strong>in</strong></span> <span class='ocrx_word' id='word_1_57' title='bbox 1128 1430 1405 1504; x_wconf 88' lang='lat' dir='ltr'><strong>caudam</strong></span> <span class='ocrx_word' id='word_1_58' title='bbox 1436 1429 1933 1506; x_wconf 85' lang='lat' dir='ltr'><strong>transformans.</strong></span> <span class='ocrx_word' id='word_1_59' title='bbox 1996 1427 2316 1532; x_wconf 79' lang='lat' dir='ltr'><strong>Daphnes</strong></span> <span class='ocrx_word' id='word_1_60' title='bbox 2366 1427 2506 1501; x_wconf 85' lang='lat' dir='ltr'><strong>sato</strong></span> <span class='ocrx_word' id='word_1_61' title='bbox 2551 1426 2838 1501; x_wconf 81' lang='lat' dir='ltr'><strong>instante</strong></span> <span class='ocrx_word' id='word_1_62' title='bbox 2853 1482 2874 1517; x_wconf 92' lang='lat'>,</span> 
     </span>
    </p>
   </div>
   <div class='ocr_carea' id='block_1_4' title="bbox 730 1565 2378 2164">
    <p class='ocr_par' dir='ltr' id='par_1_4' title="bbox 730 1565 2378 2164">
     <span class='ocr_line' id='line_1_10' title="bbox 730 1565 2096 1661; baseline -0.001 -22"><span class='ocrx_word' id='word_1_63' title='bbox 730 1567 806 1653; x_wconf 90' lang='lat'><strong>1,</strong></span> <span class='ocrx_word' id='word_1_64' title='bbox 856 1565 997 1660; x_wconf 79' lang='lat'><strong>548</strong></span> <span class='ocrx_word' id='word_1_65' title='bbox 1024 1622 1044 1655; x_wconf 87' lang='lat'>‚</span> <span class='ocrx_word' id='word_1_66' title='bbox 1737 1656 1741 1661; x_wconf 6' lang='lat' dir='ltr'><strong>g</strong></span> <span class='ocrx_word' id='word_1_67' title='bbox 2089 1638 2096 1647; x_wconf 87' lang='grc'><em>,</em></span> 
     </span>
     <span class='ocr_line' id='line_1_11' title="bbox 1229 1665 2284 1751; baseline 0.002 -27"><span class='ocrx_word' id='word_1_68' title='bbox 1229 1707 1247 1724; x_wconf 90' lang='grc'><strong>.</strong></span> <span class='ocrx_word' id='word_1_69' title='bbox 1271 1704 1290 1721; x_wconf 88' lang='grc'><strong>.</strong></span> <span class='ocrx_word' id='word_1_70' title='bbox 1312 1704 1329 1723; x_wconf 90' lang='grc'><strong>.</strong></span> <span class='ocrx_word' id='word_1_71' title='bbox 1380 1665 1619 1748; x_wconf 72' lang='lat' dir='ltr'><strong>Tou-por</strong></span> <span class='ocrx_word' id='word_1_72' title='bbox 1645 1667 1829 1751; x_wconf 80' lang='lat' dir='ltr'><strong>gravis</strong></span> <span class='ocrx_word' id='word_1_73' title='bbox 1857 1665 2068 1749; x_wconf 79' lang='lat' dir='ltr'><strong>adligat</strong></span> <span class='ocrx_word' id='word_1_74' title='bbox 2094 1676 2248 1726; x_wconf 86' lang='lat' dir='ltr'><strong>artus</strong></span> <span class='ocrx_word' id='word_1_75' title='bbox 2264 1708 2284 1742; x_wconf 87' lang='lat'>‚</span> 
     </span>
     <span class='ocr_line' id='line_1_12' title="bbox 895 1770 2166 1857; baseline 0 -25"><span class='ocrx_word' id='word_1_76' title='bbox 895 1770 1095 1832; x_wconf 81' lang='lat' dir='ltr'><strong>Mollia</strong></span> <span class='ocrx_word' id='word_1_77' title='bbox 1123 1771 1434 1857; x_wconf 86' lang='lat' dir='ltr'><strong>cinguntur</strong></span> <span class='ocrx_word' id='word_1_78' title='bbox 1456 1774 1618 1835; x_wconf 84' lang='lat' dir='ltr'><strong>tenui</strong></span> <span class='ocrx_word' id='word_1_79' title='bbox 1648 1770 1962 1855; x_wconf 84' lang='lat' dir='ltr'><strong>praecordia</strong></span> <span class='ocrx_word' id='word_1_80' title='bbox 1994 1771 2166 1832; x_wconf 82' lang='lat' dir='ltr'><strong>libro.</strong></span> 
     </span>
     <span class='ocr_line' id='line_1_13' title="bbox 892 1874 2378 1955; baseline 0 -19"><span class='ocrx_word' id='word_1_81' title='bbox 892 1878 965 1936; x_wconf 87' lang='lat' dir='ltr'><strong>ln</strong></span> <span class='ocrx_word' id='word_1_82' title='bbox 987 1876 1248 1937; x_wconf 71' lang='lat' dir='ltr'><strong>frondem</strong></span> <span class='ocrx_word' id='word_1_83' title='bbox 1275 1877 1459 1938; x_wconf 89' lang='lat' dir='ltr'><strong>crines</strong></span> <span class='ocrx_word' id='word_1_84' title='bbox 1477 1921 1497 1955; x_wconf 87' lang='lat'>‚</span> <span class='ocrx_word' id='word_1_85' title='bbox 1525 1876 1588 1936; x_wconf 87' lang='lat' dir='ltr'><strong>in</strong></span> <span class='ocrx_word' id='word_1_86' title='bbox 1620 1897 1809 1937; x_wconf 86' lang='lat' dir='ltr'><strong>ramos</strong></span> <span class='ocrx_word' id='word_1_87' title='bbox 1837 1874 2060 1938; x_wconf 85' lang='lat' dir='ltr'><strong>brachia</strong></span> <span class='ocrx_word' id='word_1_88' title='bbox 2093 1887 2378 1937; x_wconf 81' lang='lat' dir='ltr'><strong>crescunt.</strong></span> 
     </span>
     <span class='ocr_line' id='line_1_14' title="bbox 899 1981 2374 2068; baseline 0 -25"><span class='ocrx_word' id='word_1_89' title='bbox 899 1982 1007 2043; x_wconf 81' lang='lat' dir='ltr'><strong>Pes</strong></span> <span class='ocrx_word' id='word_1_90' title='bbox 1026 2026 1045 2060; x_wconf 86' lang='lat'><strong>,</strong></span> <span class='ocrx_word' id='word_1_91' title='bbox 1073 1981 1249 2044; x_wconf 88' lang='lat' dir='ltr'><strong>modo</strong></span> <span class='ocrx_word' id='word_1_92' title='bbox 1279 1995 1393 2044; x_wconf 84' lang='lat' dir='ltr'><strong>tam</strong></span> <span class='ocrx_word' id='word_1_93' title='bbox 1418 1983 1616 2059; x_wconf 80' lang='lat' dir='ltr'><strong>velox,</strong></span> <span class='ocrx_word' id='word_1_94' title='bbox 1643 1982 1821 2068; x_wconf 85' lang='lat' dir='ltr'><strong>pigris</strong></span> <span class='ocrx_word' id='word_1_95' title='bbox 1845 1982 2126 2045; x_wconf 85' lang='lat' dir='ltr'><strong>radicibus</strong></span> <span class='ocrx_word' id='word_1_96' title='bbox 2152 1982 2335 2045; x_wconf 85' lang='lat' dir='ltr'><strong>haeret</strong></span> <span class='ocrx_word' id='word_1_97' title='bbox 2359 2006 2374 2043; x_wconf 72' lang='grc' dir='ltr'><strong>ι</strong></span> 
     </span>
     <span class='ocr_line' id='line_1_15' title="bbox 900 2089 2377 2164; baseline -0.001 -12"><span class='ocrx_word' id='word_1_98' title='bbox 900 2089 1024 2152; x_wconf 84' lang='lat' dir='ltr'><strong>Ora</strong></span> <span class='ocrx_word' id='word_1_99' title='bbox 1051 2111 1317 2152; x_wconf 85' lang='lat' dir='ltr'><strong>cacumen</strong></span> <span class='ocrx_word' id='word_1_100' title='bbox 1343 2090 1496 2164; x_wconf 84' lang='lat' dir='ltr'><strong>obit;</strong></span> <span class='ocrx_word' id='word_1_101' title='bbox 1522 2102 1778 2152; x_wconf 79' lang='lat' dir='ltr'><strong>remanet</strong></span> <span class='ocrx_word' id='word_1_102' title='bbox 1808 2090 1966 2153; x_wconf 90' lang='lat' dir='ltr'><strong>nitor</strong></span> <span class='ocrx_word' id='word_1_103' title='bbox 1992 2113 2144 2152; x_wconf 87' lang='lat' dir='ltr'><strong>unus</strong></span> <span class='ocrx_word' id='word_1_104' title='bbox 2171 2091 2233 2151; x_wconf 88' lang='lat' dir='ltr'><strong>in</strong></span> <span class='ocrx_word' id='word_1_105' title='bbox 2261 2090 2377 2151; x_wconf 88' lang='lat' dir='ltr'><strong>illa.</strong></span> 
     </span>
    </p>
   </div>
   <div class='ocr_carea' id='block_1_5' title="bbox 742 2245 2887 2347">
    <p class='ocr_par' dir='ltr' id='par_1_5' title="bbox 742 2245 2887 2347">
     <span class='ocr_line' id='line_1_16' title="bbox 742 2245 2887 2347; baseline 0.001 -27"><span class='ocrx_word' id='word_1_106' title='bbox 742 2245 911 2321; x_wconf 85' lang='lat' dir='ltr'><strong>Saxa</strong></span> <span class='ocrx_word' id='word_1_107' title='bbox 943 2273 1156 2320; x_wconf 90' lang='lat' dir='ltr'><strong>unum</strong></span> <span class='ocrx_word' id='word_1_108' title='bbox 1189 2245 1449 2321; x_wconf 77' lang='lat' dir='ltr'><strong>vultum</strong></span> <span class='ocrx_word' id='word_1_109' title='bbox 1484 2247 1772 2333; x_wconf 88' lang='lat' dir='ltr'><strong>habent,</strong></span> <span class='ocrx_word' id='word_1_110' title='bbox 1808 2274 1932 2321; x_wconf 91' lang='lat' dir='ltr'><strong>uec</strong></span> <span class='ocrx_word' id='word_1_111' title='bbox 1963 2265 2186 2347; x_wconf 82' lang='lat' dir='ltr'><strong>partes</strong></span> <span class='ocrx_word' id='word_1_112' title='bbox 2219 2245 2742 2339; x_wconf 79' lang='lat' dir='ltr'><strong>discriminatas3</strong></span> <span class='ocrx_word' id='word_1_113' title='bbox 2777 2248 2887 2322; x_wconf 86' lang='lat' dir='ltr'><strong>ni-</strong></span> 
     </span>
    </p>
   </div>
   <div class='ocr_carea' id='block_1_6' title="bbox 741 2366 2885 2613">
    <p class='ocr_par' dir='ltr' id='par_1_6' title="bbox 741 2366 2885 2613">
     <span class='ocr_line' id='line_1_17' title="bbox 741 2366 2885 2483; baseline 0.001 -30"><span class='ocrx_word' id='word_1_114' title='bbox 741 2379 886 2454; x_wconf 89' lang='lat' dir='ltr'><strong>hilo</strong></span> <span class='ocrx_word' id='word_1_115' title='bbox 925 2398 1143 2455; x_wconf 86' lang='lat' dir='ltr'><strong>tamen</strong></span> <span class='ocrx_word' id='word_1_116' title='bbox 1170 2380 1392 2455; x_wconf 88' lang='lat' dir='ltr'><strong>minus</strong></span> <span class='ocrx_word' id='word_1_117' title='bbox 1427 2382 1501 2454; x_wconf 86' lang='lat' dir='ltr'><strong>in</strong></span> <span class='ocrx_word' id='word_1_118' title='bbox 1533 2410 1610 2456; x_wconf 90' lang='lat' dir='ltr'><strong>ea</strong></span> <span class='ocrx_word' id='word_1_119' title='bbox 1644 2366 1914 2483; x_wconf 79' lang='lat' dir='ltr'><strong>qnoque</strong></span> <span class='ocrx_word' id='word_1_120' title='bbox 1950 2381 2300 2457; x_wconf 84' lang='lat' dir='ltr'><strong>transitum</strong></span> <span class='ocrx_word' id='word_1_121' title='bbox 2322 2382 2613 2482; x_wconf 81' lang='lat' dir='ltr'><strong>jucunde</strong></span> <span class='ocrx_word' id='word_1_122' title='bbox 2639 2382 2885 2457; x_wconf 87' lang='lat' dir='ltr'><strong>descri-</strong></span> 
     </span>
     <span class='ocr_line' id='line_1_18' title="bbox 747 2512 1734 2613; baseline 0.004 -26"><span class='ocrx_word' id='word_1_123' title='bbox 747 2512 889 2602; x_wconf 82' lang='lat' dir='ltr'><strong>bit,</strong></span> <span class='ocrx_word' id='word_1_124' title='bbox 919 2516 1020 2604; x_wconf 86' lang='lat' dir='ltr'><strong>II,</strong></span> <span class='ocrx_word' id='word_1_125' title='bbox 1060 2514 1240 2606; x_wconf 87' lang='lat'>820,</span> <span class='ocrx_word' id='word_1_126' title='bbox 1276 2516 1400 2591; x_wconf 88' lang='lat' dir='ltr'><strong>ubi</strong></span> <span class='ocrx_word' id='word_1_127' title='bbox 1436 2516 1734 2613; x_wconf 82' lang='lat' dir='ltr'><strong>Aglauro</strong></span> 
     </span>
    </p>
   </div>
   <div class='ocr_carea' id='block_1_7' title="bbox 907 2684 2507 3743">
    <p class='ocr_par' dir='ltr' id='par_1_7' title="bbox 908 2684 2372 2895">
     <span class='ocr_line' id='line_1_19' title="bbox 908 2684 2349 2785; baseline 0.003 -27"><span class='ocrx_word' id='word_1_128' title='bbox 908 2699 1152 2785; x_wconf 82' lang='lat' dir='ltr'><strong>Surgere</strong></span> <span class='ocrx_word' id='word_1_129' title='bbox 1179 2684 1429 2761; x_wconf 67' lang='lat' dir='ltr'><strong>conanti¹</strong></span> <span class='ocrx_word' id='word_1_130' title='bbox 1435 2713 1621 2782; x_wconf 80' lang='lat' dir='ltr'><strong>partes</strong></span> <span class='ocrx_word' id='word_1_131' title='bbox 1638 2745 1657 2777; x_wconf 92' lang='lat'>,</span> <span class='ocrx_word' id='word_1_132' title='bbox 1691 2722 2061 2784; x_wconf 85' lang='lat' dir='ltr'><strong>quascunque</strong></span> <span class='ocrx_word' id='word_1_133' title='bbox 2097 2702 2349 2763; x_wconf 88' lang='lat' dir='ltr'><strong>sedendo</strong></span> 
     </span>
     <span class='ocr_line' id='line_1_20' title="bbox 910 2806 2372 2895; baseline 0.001 -29"><span class='ocrx_word' id='word_1_134' title='bbox 910 2806 1218 2867; x_wconf 81' lang='lat' dir='ltr'><strong>Flectimus</strong></span> <span class='ocrx_word' id='word_1_135' title='bbox 1234 2851 1253 2883; x_wconf 93' lang='lat'>,</span> <span class='ocrx_word' id='word_1_136' title='bbox 1285 2807 1483 2891; x_wconf 79' lang='lat' dir='ltr'><strong>ignava</strong></span> <span class='ocrx_word' id='word_1_137' title='bbox 1507 2820 1806 2888; x_wconf 87' lang='lat' dir='ltr'><strong>nequeunt</strong></span> <span class='ocrx_word' id='word_1_138' title='bbox 1833 2810 2102 2895; x_wconf 81' lang='lat' dir='ltr'><strong>gravitate</strong></span> <span class='ocrx_word' id='word_1_139' title='bbox 2131 2810 2372 2871; x_wconf 82' lang='lat' dir='ltr'><strong>moveri.</strong></span> 
     </span>
    </p>

    <p class='ocr_par' dir='ltr' id='par_1_8' title="bbox 907 2913 2462 3211">
     <span class='ocr_line' id='line_1_21' title="bbox 907 2913 2373 3000; baseline 0.001 -27"><span class='ocrx_word' id='word_1_140' title='bbox 907 2913 1010 2973; x_wconf 87' lang='lat' dir='ltr'><strong>Illa</strong></span> <span class='ocrx_word' id='word_1_141' title='bbox 1039 2914 1270 2993; x_wconf 88' lang='lat' dir='ltr'><strong>quidem</strong></span> <span class='ocrx_word' id='word_1_142' title='bbox 1297 2926 1459 2976; x_wconf 87' lang='lat' dir='ltr'><strong>recto</strong></span> <span class='ocrx_word' id='word_1_143' title='bbox 1487 2927 1706 3000; x_wconf 82' lang='lat' dir='ltr'><strong>pugnat</strong></span> <span class='ocrx_word' id='word_1_144' title='bbox 1732 2936 1792 2977; x_wconf 82' lang='lat' dir='ltr'><strong>se</strong></span> <span class='ocrx_word' id='word_1_145' title='bbox 1819 2915 2082 2977; x_wconf 86' lang='lat' dir='ltr'><strong>attollere</strong></span> <span class='ocrx_word' id='word_1_146' title='bbox 2116 2927 2325 2977; x_wconf 83' lang='lat' dir='ltr'><strong>trunco</strong></span> <span class='ocrx_word' id='word_1_147' title='bbox 2357 2939 2373 2975; x_wconf 88' lang='lat'><strong>:</strong></span> 
     </span>
     <span class='ocr_line' id='line_1_22' title="bbox 917 3020 2462 3107; baseline 0.001 -26"><span class='ocrx_word' id='word_1_148' title='bbox 917 3020 1031 3081; x_wconf 87' lang='lat' dir='ltr'><strong>Sed</strong></span> <span class='ocrx_word' id='word_1_149' title='bbox 1059 3040 1312 3103; x_wconf 88' lang='lat' dir='ltr'><strong>genuum</strong></span> <span class='ocrx_word' id='word_1_150' title='bbox 1344 3023 1609 3103; x_wconf 79' lang='lat' dir='ltr'><strong>junctura</strong></span> <span class='ocrx_word' id='word_1_151' title='bbox 1643 3022 1827 3107; x_wconf 86' lang='lat' dir='ltr'><strong>riget,</strong></span> <span class='ocrx_word' id='word_1_152' title='bbox 1853 3022 2149 3106; x_wconf 78' lang='lat' dir='ltr'><strong>frigusque</strong></span> <span class='ocrx_word' id='word_1_153' title='bbox 2177 3043 2283 3104; x_wconf 86' lang='lat' dir='ltr'><strong>per</strong></span> <span class='ocrx_word' id='word_1_154' title='bbox 2308 3034 2462 3083; x_wconf 86' lang='lat' dir='ltr'><strong>artus</strong></span> 
     </span>
     <span class='ocr_line' id='line_1_23' title="bbox 916 3128 2273 3211; baseline -0.001 -21"><span class='ocrx_word' id='word_1_155' title='bbox 916 3128 1156 3190; x_wconf 84' lang='lat' dir='ltr'><strong>Labitur</strong></span> <span class='ocrx_word' id='word_1_156' title='bbox 1172 3172 1191 3204; x_wconf 92' lang='lat'>,</span> <span class='ocrx_word' id='word_1_157' title='bbox 1218 3140 1279 3189; x_wconf 85' lang='lat' dir='ltr'><strong>et</strong></span> <span class='ocrx_word' id='word_1_158' title='bbox 1302 3128 1514 3210; x_wconf 85' lang='lat' dir='ltr'><strong>pallent</strong></span> <span class='ocrx_word' id='word_1_159' title='bbox 1545 3130 1754 3191; x_wconf 86' lang='lat' dir='ltr'><strong>amisso</strong></span> <span class='ocrx_word' id='word_1_160' title='bbox 1789 3130 2065 3211; x_wconf 83' lang='lat' dir='ltr'><strong>sanguine</strong></span> <span class='ocrx_word' id='word_1_161' title='bbox 2090 3149 2273 3189; x_wconf 79' lang='lat' dir='ltr'><strong>venae.</strong></span> 
     </span>
    </p>

    <p class='ocr_par' dir='ltr' id='par_1_9' title="bbox 919 3233 2352 3424">
     <span class='ocr_line' id='line_1_24' title="bbox 926 3233 2352 3317; baseline 0.002 -26"><span class='ocrx_word' id='word_1_162' title='bbox 926 3276 943 3291; x_wconf 88' lang='lat'><strong>.</strong></span> <span class='ocrx_word' id='word_1_163' title='bbox 966 3275 983 3292; x_wconf 88' lang='lat'><strong>.</strong></span> <span class='ocrx_word' id='word_1_164' title='bbox 1007 3275 1024 3292; x_wconf 88' lang='lat'><strong>.</strong></span> <span class='ocrx_word' id='word_1_165' title='bbox 1048 3273 1064 3290; x_wconf 89' lang='lat'><strong>.</strong></span> <span class='ocrx_word' id='word_1_166' title='bbox 1103 3233 1316 3295; x_wconf 82' lang='lat' dir='ltr'><strong>Letalis</strong></span> <span class='ocrx_word' id='word_1_167' title='bbox 1335 3234 1514 3295; x_wconf 84' lang='lat' dir='ltr'><strong>hiems</strong></span> <span class='ocrx_word' id='word_1_168' title='bbox 1536 3234 1804 3317; x_wconf 86' lang='lat' dir='ltr'><strong>paulatim</strong></span> <span class='ocrx_word' id='word_1_169' title='bbox 1827 3234 1887 3295; x_wconf 91' lang='lat' dir='ltr'><strong>in</strong></span> <span class='ocrx_word' id='word_1_170' title='bbox 1909 3247 2144 3317; x_wconf 81' lang='lat' dir='ltr'><strong>pectora</strong></span> <span class='ocrx_word' id='word_1_171' title='bbox 2162 3234 2352 3310; x_wconf 78' lang='lat' dir='ltr'><strong>venit,</strong></span> 
     </span>
     <span class='ocr_line' id='line_1_25' title="bbox 919 3339 2102 3424; baseline 0 -25"><span class='ocrx_word' id='word_1_172' title='bbox 919 3339 1245 3421; x_wconf 83' lang='lat' dir='ltr'><strong>Vitalesque</strong></span> <span class='ocrx_word' id='word_1_173' title='bbox 1274 3340 1391 3401; x_wconf 79' lang='lat' dir='ltr'><strong>vias</strong></span> <span class='ocrx_word' id='word_1_174' title='bbox 1416 3353 1474 3402; x_wconf 90' lang='lat' dir='ltr'><strong>et</strong></span> <span class='ocrx_word' id='word_1_175' title='bbox 1496 3340 1861 3424; x_wconf 82' lang='lat' dir='ltr'><strong>respiramina</strong></span> <span class='ocrx_word' id='word_1_176' title='bbox 1886 3340 2102 3401; x_wconf 81' lang='lat' dir='ltr'><strong>clausit.</strong></span> 
     </span>
    </p>

    <p class='ocr_par' dir='ltr' id='par_1_10' title="bbox 921 3441 2507 3743">
     <span class='ocr_line' id='line_1_26' title="bbox 923 3441 2369 3524; baseline -0.001 -18"><span class='ocrx_word' id='word_1_177' title='bbox 923 3445 1049 3506; x_wconf 87' lang='lat' dir='ltr'><strong>Nec</strong></span> <span class='ocrx_word' id='word_1_178' title='bbox 1079 3456 1280 3505; x_wconf 76' lang='lat' dir='ltr'><strong>conata</strong></span> <span class='ocrx_word' id='word_1_179' title='bbox 1306 3442 1472 3524; x_wconf 89' lang='lat' dir='ltr'><strong>loqui</strong></span> <span class='ocrx_word' id='word_1_180' title='bbox 1505 3455 1621 3517; x_wconf 82' lang='lat' dir='ltr'><strong>cst3</strong></span> <span class='ocrx_word' id='word_1_181' title='bbox 1657 3464 1799 3522; x_wconf 86' lang='lat' dir='ltr'><strong>nec,</strong></span> <span class='ocrx_word' id='word_1_182' title='bbox 1826 3444 1873 3505; x_wconf 89' lang='lat' dir='ltr'><strong>si</strong></span> <span class='ocrx_word' id='word_1_183' title='bbox 1906 3454 2104 3505; x_wconf 84' lang='lat' dir='ltr'><strong>conata</strong></span> <span class='ocrx_word' id='word_1_184' title='bbox 2129 3441 2369 3522; x_wconf 83' lang='lat' dir='ltr'><strong>fuisset,</strong></span> 
     </span>
     <span class='ocr_line' id='line_1_27' title="bbox 921 3548 2394 3634; baseline 0.002 -26"><span class='ocrx_word' id='word_1_185' title='bbox 921 3551 1100 3613; x_wconf 80' lang='lat' dir='ltr'><strong>Vocis</strong></span> <span class='ocrx_word' id='word_1_186' title='bbox 1136 3549 1369 3612; x_wconf 82' lang='lat' dir='ltr'><strong>haberet</strong></span> <span class='ocrx_word' id='word_1_187' title='bbox 1395 3549 1541 3622; x_wconf 81' lang='lat' dir='ltr'><strong>iter3</strong></span> <span class='ocrx_word' id='word_1_188' title='bbox 1580 3570 1775 3610; x_wconf 81' lang='lat' dir='ltr'><strong>saxum</strong></span> <span class='ocrx_word' id='word_1_189' title='bbox 1803 3552 1915 3634; x_wconf 81' lang='lat' dir='ltr'><strong>jam</strong></span> <span class='ocrx_word' id='word_1_190' title='bbox 1941 3548 2088 3610; x_wconf 87' lang='lat' dir='ltr'><strong>colla</strong></span> <span class='ocrx_word' id='word_1_191' title='bbox 2119 3549 2350 3611; x_wconf 82' lang='lat' dir='ltr'><strong>tenebat</strong></span> <span class='ocrx_word' id='word_1_192' title='bbox 2372 3594 2394 3628; x_wconf 86' lang='lat'>,</span> 
     </span>
     <span class='ocr_line' id='line_1_28' title="bbox 927 3658 2507 3743; baseline -0.001 -22"><span class='ocrx_word' id='word_1_193' title='bbox 927 3658 1162 3741; x_wconf 88' lang='lat' dir='ltr'><strong>Oraque</strong></span> <span class='ocrx_word' id='word_1_194' title='bbox 1185 3658 1497 3721; x_wconf 83' lang='lat' dir='ltr'><strong>duruerant</strong></span> <span class='ocrx_word' id='word_1_195' title='bbox 1524 3682 1538 3716; x_wconf 89' lang='lat'>:</span> <span class='ocrx_word' id='word_1_196' title='bbox 1576 3659 1921 3743; x_wconf 87' lang='lat' dir='ltr'><strong>signumque</strong></span> <span class='ocrx_word' id='word_1_197' title='bbox 1950 3678 2232 3743; x_wconf 79' lang='lat' dir='ltr'><strong>exsangue</strong></span> <span class='ocrx_word' id='word_1_198' title='bbox 2260 3658 2507 3722; x_wconf 86' lang='lat' dir='ltr'><strong>sedebat.</strong></span> 
     </span>
    </p>
   </div>
   <div class='ocr_carea' id='block_1_8' title="bbox 764 3810 2906 4052">
    <p class='ocr_par' dir='ltr' id='par_1_11' title="bbox 764 3810 2906 4052">
     <span class='ocr_line' id='line_1_29' title="bbox 764 3810 2903 3918; baseline -0.001 -27"><span class='ocrx_word' id='word_1_199' title='bbox 764 3818 996 3918; x_wconf 87' lang='lat' dir='ltr'><strong>Neque</strong></span> <span class='ocrx_word' id='word_1_200' title='bbox 1010 3811 1212 3888; x_wconf 85' lang='lat' dir='ltr'><strong>semel</strong></span> <span class='ocrx_word' id='word_1_201' title='bbox 1227 3829 1485 3887; x_wconf 85' lang='lat' dir='ltr'><strong>tantum</strong></span> <span class='ocrx_word' id='word_1_202' title='bbox 1497 3811 1690 3886; x_wconf 87' lang='lat' dir='ltr'><strong>illum</strong></span> <span class='ocrx_word' id='word_1_203' title='bbox 1708 3813 2059 3889; x_wconf 84' lang='lat' dir='ltr'><strong>transitum</strong></span> <span class='ocrx_word' id='word_1_204' title='bbox 2077 3841 2201 3914; x_wconf 87' lang='lat' dir='ltr'><strong>per</strong></span> <span class='ocrx_word' id='word_1_205' title='bbox 2215 3830 2439 3916; x_wconf 86' lang='lat' dir='ltr'><strong>partes</strong></span> <span class='ocrx_word' id='word_1_206' title='bbox 2458 3810 2765 3886; x_wconf 91' lang='lat' dir='ltr'><strong>elocutus</strong></span> <span class='ocrx_word' id='word_1_207' title='bbox 2781 3830 2903 3902; x_wconf 84' lang='lat' dir='ltr'><strong>est,</strong></span> 
     </span>
     <span class='ocr_line' id='line_1_30' title="bbox 771 3944 2906 4052; baseline -0.002 -27"><span class='ocrx_word' id='word_1_208' title='bbox 771 3950 888 4026; x_wconf 88' lang='lat' dir='ltr'><strong>sed</strong></span> <span class='ocrx_word' id='word_1_209' title='bbox 904 3978 1057 4025; x_wconf 84' lang='lat' dir='ltr'><strong>cum</strong></span> <span class='ocrx_word' id='word_1_210' title='bbox 1072 3947 1383 4027; x_wconf 86' lang='lat' dir='ltr'><strong>varietate</strong></span> <span class='ocrx_word' id='word_1_211' title='bbox 1403 3947 1665 4052; x_wconf 84' lang='lat' dir='ltr'><strong>saepius.</strong></span> <span class='ocrx_word' id='word_1_212' title='bbox 1694 3949 1961 4022; x_wconf 86' lang='lat' dir='ltr'><strong>Etenim</strong></span> <span class='ocrx_word' id='word_1_213' title='bbox 1985 3948 2203 4039; x_wconf 81' lang='lat' dir='ltr'><strong>etiam,</strong></span> <span class='ocrx_word' id='word_1_214' title='bbox 2229 3950 2344 4037; x_wconf 85' lang='lat' dir='ltr'><strong>Vl,</strong></span> <span class='ocrx_word' id='word_1_215' title='bbox 2376 3944 2539 4038; x_wconf 81' lang='lat'>303,</span> <span class='ocrx_word' id='word_1_216' title='bbox 2560 3947 2635 4022; x_wconf 88' lang='lat' dir='ltr'><strong>in</strong></span> <span class='ocrx_word' id='word_1_217' title='bbox 2661 3947 2906 4024; x_wconf 81' lang='lat' dir='ltr'><strong>Niobe:</strong></span> 
     </span>
    </p>
   </div>
   <div class='ocr_carea' id='block_1_9' title="bbox 930 4125 2505 4319">
    <p class='ocr_par' dir='ltr' id='par_1_12' title="bbox 930 4125 2505 4319">
     <span class='ocr_line' id='line_1_31' title="bbox 1431 4125 2444 4210; baseline 0.001 -22"><span class='ocrx_word' id='word_1_218' title='bbox 1431 4172 1448 4188; x_wconf 87' lang='lat'><strong>.</strong></span> <span class='ocrx_word' id='word_1_219' title='bbox 1473 4170 1490 4184; x_wconf 90' lang='lat'><strong>.</strong></span> <span class='ocrx_word' id='word_1_220' title='bbox 1516 4172 1531 4186; x_wconf 92' lang='lat'>.</span> <span class='ocrx_word' id='word_1_221' title='bbox 1573 4126 1786 4189; x_wconf 80' lang='lat' dir='ltr'><strong>Nullos</strong></span> <span class='ocrx_word' id='word_1_222' title='bbox 1814 4140 2011 4191; x_wconf 80' lang='lat' dir='ltr'><strong>movet</strong></span> <span class='ocrx_word' id='word_1_223' title='bbox 2031 4149 2167 4190; x_wconf 86' lang='lat' dir='ltr'><strong>aura</strong></span> <span class='ocrx_word' id='word_1_224' title='bbox 2187 4125 2444 4210; x_wconf 72' lang='lat' dir='ltr'><strong>capillos.</strong></span> 
     </span>
     <span class='ocr_line' id='line_1_32' title="bbox 930 4232 2505 4319; baseline 0 -24"><span class='ocrx_word' id='word_1_225' title='bbox 930 4236 1003 4295; x_wconf 83' lang='lat' dir='ltr'><strong>ln</strong></span> <span class='ocrx_word' id='word_1_226' title='bbox 1031 4234 1196 4298; x_wconf 80' lang='lat' dir='ltr'><strong>vultu</strong></span> <span class='ocrx_word' id='word_1_227' title='bbox 1221 4234 1386 4299; x_wconf 88' lang='lat' dir='ltr'><strong>color</strong></span> <span class='ocrx_word' id='word_1_228' title='bbox 1414 4245 1504 4301; x_wconf 80' lang='lat' dir='ltr'><strong>est</strong></span> <span class='ocrx_word' id='word_1_229' title='bbox 1535 4234 1656 4296; x_wconf 83' lang='lat' dir='ltr'><strong>sine</strong></span> <span class='ocrx_word' id='word_1_230' title='bbox 1685 4233 1957 4319; x_wconf 81' lang='lat' dir='ltr'><strong>sanguiue</strong></span> <span class='ocrx_word' id='word_1_231' title='bbox 1993 4258 2009 4296; x_wconf 75' lang='lat' dir='ltr'><em>z</em></span> <span class='ocrx_word' id='word_1_232' title='bbox 2043 4232 2258 4295; x_wconf 82' lang='lat' dir='ltr'><strong>lumina</strong></span> <span class='ocrx_word' id='word_1_233' title='bbox 2283 4232 2505 4297; x_wconf 69' lang='lat' dir='ltr'><strong>moestis</strong></span> 
     </span>
    </p>
   </div>
  </div>
 </body>
</html>
