3217 5134
655 508 1748 580 METAMORPHOSEON
1804 513 2008 580 LIB.
2071 515 2129 580 1.
2379 511 2462 579 53

315 648 547 724 Eurus
582 648 667 723 ad
697 652 1025 725 Auroram
1050 709 1068 739 ‚
1102 653 1548 756 Nabataeaque
1581 682 1783 750 regna
1810 654 2112 743 recessit,

315 765 729 867 Persidaque
751 823 769 853 ‚
804 785 874 841 et
903 769 1105 843 radiis
1137 771 1296 869 juga
1329 769 1600 844 subdita
1632 769 1975 844 matutinis
2011 798 2027 842 ε

318 882 613 981 Vesper,
652 900 721 956 et
752 882 1035 958 occiduo
1070 913 1215 986 quae
1249 884 1449 959 litora
1481 883 1640 958 Sole
1677 901 2025 985 tepescunt
2044 940 2066 971 ,

319 998 637 1073 Proxima
669 1019 829 1073 sunt
858 1001 1162 1101 Zephyro
1192 1030 1208 1074 ε
1245 1001 1582 1102 Scythiam
1619 998 2293 1101 septemquetrionem

320 1113 635 1189 Hor-riser
663 1115 906 1191 invasit
935 1119 1223 1191 Boreas:
1249 1115 1578 1191 contraria
1610 1115 1809 1190 tellus
2392 1134 2462 1188 65

318 1229 645 1305 Nubibus
676 1232 1003 1322 adsidui3‚
1041 1233 1402 1336 pluvioque
1436 1234 1755 1309 madescit
1785 1232 1868 1305 ab
1905 1233 2181 1306 Austro.
2253 1236 2257 1242 ’

320 1347 487 1421 Haec
523 1375 726 1450 super
758 1350 1081 1452 imposuit
1112 1350 1477 1452 liquidum,
1514 1368 1582 1424 et
1616 1332 1932 1446 gravitate
1964 1367 2291 1423 carentem
2318 1402 2336 1437 ,

321 1463 631 1553 AEthera‚
665 1494 786 1539 uec
821 1465 1183 1567 quidquam
1215 1485 1483 1542 terrenae
1513 1464 1690 1540 faecis
1723 1464 2097 1539 habentem.

319 1579 456 1652 Vix
492 1609 566 1654 ea
600 1580 929 1665 limitibus
957 1582 1355 1686 dissepserat
1386 1582 1608 1658 omnia
1646 1581 1875 1672 certis,

234 1790 301 1842 nl
387 1788 473 1842 61.
493 1791 762 1844 Auroram.
789 1790 992 1845 Laudat
1007 1792 1145 1847 hanc
1158 1812 1258 1847 ven
1266 1803 1341 1847 to-

318 1885 446 1920 rum
459 1867 804 1923 cardinalium
828 1868 1233 1940 descriptionem
1252 1871 1343 1925 Se-

319 1964 455 1999 neca
468 1947 536 2000 N.
554 1945 628 2015 Q.
642 1950 696 2002 V
710 1985 728 2014 ,
753 1949 827 2002 16.
841 1950 1088 2003 Aumram
1101 1989 1116 2012 ,
1139 1949 1345 2003 AEthio·

319 2023 493 2092 piam,
515 2024 698 2079 sedem
721 2025 943 2081 Aurora
960 2067 976 2094 ,
998 2047 1129 2081 vers.
1152 2029 1261 2097 774.
1276 2054 1343 2070 --

318 2104 682 2171 Nabataeaque.
704 2105 781 2157 Ita
797 2105 910 2159 sine
932 2109 990 2168 h,
1021 2105 1124 2158 boc
1140 2124 1341 2158 nomen

318 2191 629 2235 constanter
659 2182 850 2253 legitur
881 2183 1018 2252 apud
1052 2183 1191 2237 Plin.
1216 2184 1342 2237 Tac.

214 2247 287 2302 *s
321 2258 500 2312 strab.
511 2287 581 2300 —
594 2262 865 2315 Nabataeos
877 2261 1070 2315 Strabo
1082 2262 1170 2315 lib.
1188 2263 1344 2328 XVI,

320 2354 377 2406 p.
393 2337 508 2407 767,
524 2338 665 2391 inter
676 2339 1007 2412 Babylonem
1024 2350 1079 2393 et
1093 2341 1344 2394 Arabiam

322 2415 557 2469 Felicem
603 2417 821 2473 collocat
845 2459 860 2485 ,
901 2420 1344 2490 metropolimque

321 2512 515 2548 eorum
530 2497 776 2552 nominat
791 2499 1022 2552 Petram.
1035 2499 1191 2554 Sicet
1207 2499 1344 2553 Plin.

322 2574 398 2626 H.
434 2574 503 2628 N.
535 2575 645 2642 Vl,
671 2578 854 2630 28-32.
885 2577 955 2631 Iis
979 2589 1201 2647 praeerat
1223 2599 1339 2643 rex,

320 2652 416 2721 qui
449 2671 481 2704 a
515 2653 701 2707 Tacito
726 2652 831 2707 An.
856 2655 944 2721 11,
974 2658 1066 2724 57,
1093 2674 1343 2710 comme-

316 2743 580 2786 moratur.
594 2734 726 2788 Inde
743 2734 989 2789 Nabataea
1000 2756 1168 2804 regna.
1186 2738 1344 2792 Nunc

318 2828 544 2867 omnem
559 2811 809 2867 Arabiam
830 2815 1197 2883 cogitabimus,
1225 2835 1342 2885 que

314 2891 431 2944 sere
466 2902 947 2960 commemoratur,
974 2893 1066 2946 ubi
1102 2893 1342 2948 Orientis

316 2967 457 3022 fines
469 2968 777 3040 designandi
789 2979 929 3024 sunt.
940 2998 1008 3012 -
1017 2970 1174 3039 Juga,
1197 2971 1339 3024 haud

318 3047 479 3102 dubie
504 3048 729 3116 Emodi,
752 3050 986 3105 Damasii
1001 3063 1055 3105 et
1072 3052 1155 3105 alii
1170 3070 1340 3105 mon·-

318 3136 401 3180 tes
416 3165 433 3193 ,
449 3127 637 3196 quibus
653 3127 804 3183 ludia
819 3129 1066 3199 cingitur,
1086 3128 1223 3184 Plin.
1234 3129 1336 3196 vl,

326 3209 815 3275 :ran—Subdita.
839 3211 1028 3264 Horat.
1050 3211 1094 3278 Ι,
1112 3209 1218 3265 Od.
1234 3227 1338 3279 xu,

319 3285 389 3337 55
420 3323 437 3350 ,
493 3287 749 3355 subjectos
783 3293 990 3341 orthem·
1033 3308 1135 3344 orae
1175 3291 1338 3343 Seras.

318 3362 580 3417 Neon-um
618 3367 868 3435 expressit
898 3365 1084 3420 Senec.
1120 3367 1337 3441 Tityest.

316 3442 450 3507 482:
474 3445 648 3497 Ems
673 3446 923 3499 Orientem
945 3453 1133 3509 moret,
1156 3449 1341 3499 Nala-

316 3527 519 3588 taeaque
536 3528 768 3590 quatiens
788 3542 944 3592 regna
956 3532 1010 3577 et
1026 3527 1168 3577 Eoos
1179 3530 1336 3578 smus.

318 3596 405 3652 Cf.
429 3599 577 3653 idem
598 3641 614 3669 ,
642 3601 829 3673 Agam.
855 3605 968 3672 477.

380 3678 463 3731 63.
498 3681 707 3746 Vesper,
733 3689 788 3734 et
802 3685 1027 3735 occeano.
1048 3681 1195 3736 Euro
1209 3699 1337 3735 con-

313 3758 507 3812 trarius
537 3759 795 3829 zephirus
832 3762 898 3815 ab
928 3760 1199 3816 occidente
1226 3760 1336 3815 flat.

314 3838 418 3890 Ed.
430 3865 500 3879 -
514 3839 691 3892 Le’tora
704 3839 867 3907 dixit,
892 3858 1006 3894 non
1018 3848 1157 3896 terra
1171 3880 1188 3908 ,
1213 3842 1335 3911 quia

310 3936 465 3970 mare
483 3918 809 3975 Atlanticum
827 3920 1022 3975 claudit
1041 3921 1223 3974 orbem
1242 3941 1335 3976 oc·-

310 3997 648 4051 cidentalem.
660 4026 730 4040 -
751 4002 1042 4067 Tepescunt,
1062 4002 1183 4070 quia
1198 4001 1335 4056 Solis

310 4074 600 4130 occidentis
614 4075 750 4131 radii
761 4078 939 4133 minus
950 4078 1167 4132 violenti
1180 4089 1330 4145 sunt3

310 4164 595 4225 propterea
618 4155 780 4209 etiam
812 4156 1157 4212 occidentales
1180 4167 1334 4212 terrae

310 4232 586 4287 minorem
607 4233 730 4288 solis
750 4245 935 4289 astum
949 4236 1147 4290 sentire
1167 4246 1334 4306 poeta

313 4310 582 4369 videntur.
630 4312 712 4368 Ita
735 4324 791 4370 et
814 4315 1003 4370 Horat.
1028 4314 1086 4383 1,
1110 4314 1219 4371 Sat.
1246 4330 1332 4383 zv,

1440 1793 1507 1848 30
1528 1812 1544 1847 ε
1571 1795 1687 1855 Sol,
1728 1811 1825 1861 quo
1847 1795 2129 1858 aspediae
2155 1796 2288 1858 tepet
2311 1797 2459 1859 regio.

1440 1870 1698 1926 Similiter
1707 1889 1830 1924 mox
1838 1868 2195 1924 meridionalis
2205 1879 2344 1922 terra
2354 1888 2458 1921 ma·

1438 1954 1641 2004 descere
1676 1948 1865 2002 dicitur
1881 1989 1897 2016 ,
1937 1948 2058 2018 quia
2100 1947 2291 2000 Auster
2333 1945 2456 1999 inde

1440 2028 1640 2099 pluvias
1675 2027 1795 2097 agit.
1834 2026 2021 2080 Boreoe
2046 2042 2173 2078 vero
2195 2023 2457 2077 violentiae

1438 2110 1559 2166 satis
1583 2106 2038 2164 accommodatum
2054 2110 2255 2160 mnasit-
2271 2105 2334 2157 M
2338 2103 2457 2157 anil.

1440 2192 1611 2258 Asper
1628 2193 1696 2243 ab
1721 2207 1822 2241 ase
1839 2194 1943 2241 ruit
1958 2189 2172 2240 Boreas.

1504 2270 1586 2337 64.
1610 2270 1826 2339 Scythia
1840 2266 2060 2320 nomine
2073 2263 2296 2318 Veteres
2311 2281 2458 2318 com-

1440 2346 1842 2417 prehenderunt
1862 2363 2046 2398 omnes
2066 2354 2231 2397 terras
2247 2352 2459 2413 septen-

1440 2425 1691 2479 trionales
1732 2424 2037 2494 incognitas.
2085 2449 2152 2464 ·-·
2196 2422 2422 2474 Trionem
2441 2460 2455 2482 ,

1438 2523 1552 2558 non
1590 2510 1779 2558 trebues
1794 2545 1807 2565 ‚
1853 2504 2142 2573 praeferunt
2186 2499 2421 2552 Florent.
2439 2537 2453 2563 ,

1439 2585 1666 2655 Berneg.
1684 2623 1699 2649 ‚
1725 2583 1949 2645 Urbin.;
1973 2581 2131 2650 idque
2155 2599 2218 2633 ex
2238 2579 2457 2648 antiquo
2485 2605 2492 2613 ·

1441 2683 1538 2717 usu
1560 2660 1812 2732 loquendi
1834 2659 2141 2730 comprobat
2167 2656 2352 2711 Heius.

1502 2742 1584 2795 65.
1619 2739 1863 2809 Homfir.
1903 2738 2122 2808 Frigora
2155 2735 2301 2789 enim
2332 2774 2347 2802 ,
2389 2735 2456 2787 de

1438 2821 1628 2890 quibus
1650 2819 1859 2889 proprie
1881 2820 2081 2878 horror,
2116 2815 2222 2884 agit
2244 2814 2457 2867 Boreas.

1438 2898 1523 2953 De
1540 2899 1743 2968 origine
1756 2897 1871 2966 ejus
1885 2896 1949 2949 cs.
1968 2893 2052 2948 lv
2065 2935 2079 2956 ‚
2101 2894 2259 2947 Pont.
2284 2907 2320 2944 x
2333 2933 2347 2959 ,
2373 2893 2454 2958 4⁰·

1436 3003 1505 3017 -
1546 2979 1811 3029 Contraria
1850 2976 2016 3026 tellus.
2055 2969 2418 3024 Meu-idionalis
2437 3009 2452 3035 ,

1439 3054 1757 3118 Antarctica,
1770 3049 2180 3121 Septentrionali
2204 3049 2457 3119 opposita.

1501 3132 1583 3201 67.
1596 3132 1864 3199 Liquidum
1872 3131 2160 3183 -AEherm
2179 3128 2384 3181 Puram
2400 3136 2456 3179 et

1436 3210 1499 3265 ab
1513 3209 1663 3263 omni
1672 3208 1828 3262 noxio
1843 3227 2038 3278 vapore
2046 3206 2453 3260 liberatum.Ed.

1501 3290 1581 3343 68.
1619 3290 1727 3343 Nec
1764 3290 2031 3357 quidquam
2060 3292 2261 3337 terrene
2280 3283 2453 3352 sactlr.

1434 3369 1674 3445 ἀτρύγετον
1693 3370 1852 3442 oet9e‘poe
1875 3364 2005 3417 dixit
2038 3363 2263 3416 Homer.
2297 3360 2357 3414 ll.
2387 3352 2447 3425 13,

1435 3448 1563 3513 425;
1589 3464 1716 3499 nam
1736 3451 1844 3521 τρὺξ
1859 3454 1912 3496 et
1920 3442 2063 3511 sex,
2094 3458 2256 3493 omne
2275 3440 2451 3508 impu-

1433 3543 1555 3579 rum
1571 3522 1702 3577 wid.
1712 3522 1947 3576 Gronov.
1965 3519 2241 3574 observat.
2255 3516 2332 3584 11,
2347 3531 2451 3582 vn,

1431 3624 1481 3674 p.
1508 3624 1573 3657 20
1609 3642 1624 3654 .

1499 3624 1959 3756 69.⁷D1·ssepserat.
1985 3677 2172 3730 Heius.
2190 3694 2220 3729 e
2241 3672 2450 3729 Leodic.

1430 3762 1730 3833 fragmento
1740 3757 2099 3828 antiquissimo
2115 3754 2276 3817 dedit;
2290 3754 2450 3821 idque

1432 3841 1655 3895 verbum
1678 3850 1758 3894 est
1778 3839 2006 3909 probum
2025 3858 2039 3899 ;
2064 3834 2155 3890 sed
2186 3853 2216 3886 a
2238 3832 2450 3885 librario

1434 3920 1680 3991 imperito
1697 3956 1712 3986 ,
1740 3929 1831 3973 aut
1860 3917 2146 3971 dictantem
2168 3931 2279 3966 non
2307 3921 2449 3964 recte

1432 3998 1753 4071 percipiente
1776 4036 1791 4059 ,
1827 3995 1929 4049 hoc
1952 3993 2097 4049 facile
2118 3990 2315 4045 mutari
2339 4007 2450 4059 po-

1433 4078 1536 4131 tuit
1580 4076 1638 4128 in
1678 4077 1989 4142 auceps-erat
2004 4113 2019 4134 ‚
2075 4069 2218 4140 quod
2253 4067 2453 4121 babent

1430 4154 1682 4228 permulti
1705 4152 1872 4206 MSS.
1898 4150 1960 4204 ld
1985 4168 2151 4220 quum
2174 4147 2301 4200 ferri
2334 4165 2449 4199 non

1430 4243 1605 4305 posset
1622 4271 1638 4298 ,
1677 4231 1806 4285 alius
1839 4227 2065 4283 correxit
2084 4229 2449 4293 discerpserat,

1432 4311 1573 4384 quod
1598 4321 1653 4366 et
1681 4310 1854 4379 ipsum
1877 4305 2072 4361 mutuos
2097 4303 2256 4357 libros
2282 4318 2453 4356 occu-
