3217 5134
655 542 1681 613 METAMORPHOSEON
1731 544 1928 610 LIB.
1985 544 2123 614 VI.

2315 542 2440 628 441

321 682 749 784 Diriguitque
782 682 971 759 malis
999 715 1015 757 :
1045 684 1273 759 nullos
1302 703 1524 760 movet
1553 713 1711 760 aura
1744 683 2059 786 capillos:

320 801 401 872 In
433 797 623 872 vultu
663 798 851 873 color
881 818 983 875 est
1016 801 1158 875 sine
1193 802 1515 898 sanguine
1544 832 1561 874 ε
1588 799 1842 875 lumina
1874 801 2126 876 moestis

322 915 516 987 Stant
546 915 819 989 immota
851 917 1037 1011 genis
1065 947 1080 990 ε
1114 917 1283 991 nihil
1319 918 1519 993 estin
1553 917 1838 1013 imagine
1868 916 2019 991 vivi.

2360 935 2459 990 305

324 1031 481 1131 Ipsa
509 1059 779 1132 quoque
811 1032 1097 1108 interius
1131 1063 1283 1109 cum
1320 1034 1495 1108 duro
1530 1033 1760 1129 lingua
1791 1032 2015 1134 palato

328 1146 656 1242 Congelat
676 1203 694 1234 ,
727 1166 797 1222 ct
827 1177 1007 1224 venae
1041 1148 1373 1225 desistunt
1403 1178 1601 1252 posse
1635 1149 1925 1237 moveri3

324 1263 463 1336 Nec
492 1262 667 1337 ssecti
701 1266 917 1339 cervix
936 1320 958 1354 ,
994 1294 1116 1341 nec
1149 1266 1421 1341 brachia
1449 1266 1723 1341 reddere
1759 1281 1985 1361 gestus
2007 1318 2027 1351 ‚

325 1378 465 1472 Nec
496 1406 615 1479 pes
647 1379 740 1454 ire
768 1399 992 1482 potest
1019 1412 1034 1456 ε
1066 1382 1240 1456 intra
1275 1410 1546 1483 quoque
1581 1382 1831 1456 viscera
1862 1407 2094 1455 saxum
2126 1395 2258 1453 est.-

325 1491 475 1567 Flet
508 1513 761 1585 tamen,
800 1514 868 1571 et
897 1497 1096 1572 validi
1123 1497 1526 1573 circumdata
1561 1498 1830 1571 turbine
1864 1497 2044 1572 venti

2365 1515 2465 1569 310

328 1610 408 1681 In
441 1610 719 1709 patriam
752 1631 940 1715 rapta
978 1632 1117 1703 θεῖς
1160 1613 1280 1688 ubi
1309 1613 1438 1689 fixa
1465 1613 1801 1688 cacumine
1831 1612 2079 1687 montis

330 1725 683 1827 Liquitur,
722 1747 790 1804 et
822 1729 1136 1831 lacrymas
1174 1731 1533 1805 etiamnum
1562 1757 1891 1804 marmora
1917 1745 2203 1803 manant.

429 1844 550 1916 lu.
582 1846 759 1920 Tum
788 1875 944 1921 vero
982 1847 1148 1921 tanti
1179 1847 1594 1921 manifestam
1628 1846 1921 1920 numinis
1942 1846 2122 1951 ‚iram

393 2040 508 2093 303.
553 2044 812 2112 De’n‘gut'l,
855 2055 1103 2098 naturam
1139 2065 1346 2098 saxeam
1441 2045 1579 2098 bulae
1603 2044 1833 2098 ostendit
1858 2045 2080 2098 Pausan.
2096 2084 2111 2111 ,
2131 2042 2290 2097 Attic.
2313 2063 2361 2111 p.
2380 2047 2465 2116 49,

332 2122 558 2191 accepit,
587 2133 645 2174 nt
662 2124 731 2189 V,
767 2124 872 2178 186.
899 2123 1008 2177 Sed
1032 2124 1175 2177 idem
1201 2135 1257 2177 et
1280 2124 1345 2178 de

332 2196 393 2250 iis
418 2200 652 2267 ponitur,
679 2219 808 2269 quos
827 2219 1066 2254 summus
1087 2201 1238 2254 dolor
1261 2213 1350 2255 aut

334 2285 508 2328 metus
542 2275 756 2330 invadit.
802 2278 912 2332 vll
937 2317 953 2345 ,
1008 2299 1027 2332 ι
1042 2282 1115 2333 ι5.
1164 2279 1350 2349 quue

332 2371 491 2405 sensu
515 2352 580 2405 ab
609 2353 762 2407 initio
794 2354 931 2408 dicta
951 2355 1160 2409 videtur
1180 2357 1350 2410 Niobe

331 2429 619 2498 diriguisse.
647 2431 781 2485 Vide
808 2431 889 2508 ad>
910 2433 1015 2499 146.
1039 2433 1351 2489 Secundum

334 2508 591 2561 Nostrum
610 2508 804 2563 Thebis
822 2521 1021 2564 mutata
1042 2521 1094 2564 et
1114 2522 1273 2565 vento
1293 2512 1351 2566 in

333 2585 576 2658 Sipylum
593 2588 840 2642 translata
852 2599 932 2643 est
944 2612 959 2653 ς
976 2590 1117 2660 quod
1128 2591 1350 2645 mireris.

336 2664 493 2734 Apud
512 2663 636 2719 alios
652 2675 909 2734 auctores,
932 2668 1121 2722 relictis
1133 2668 1348 2736 Thebis,

335 2741 403 2795 ad
429 2753 631 2812 patrem
648 2743 820 2812 redit,
845 2757 900 2798 et
926 2747 980 2799 in
1002 2746 1115 2816 ipso
1132 2746 1314 2818 Sipylo
1332 2786 1348 2814 ,

332 2841 500 2891 quum
525 2823 634 2893 ipsa
659 2823 760 2878 hoc
782 2844 811 2877 a
832 2825 968 2878 Jove
989 2826 1217 2894 petiisset
1233 2867 1249 2894 ,
1291 2825 1355 2880 fit

329 2900 552 2970 lapidea.
570 2902 881 2957 Secundum
901 2904 1207 2957 Homerum
1224 2943 1239 2970 ,
1268 2907 1355 2957 di-

331 2985 488 3048 n’guit
505 2982 665 3035 etiam
690 2981 926 3051 populus.

401 3059 517 3111 305.
542 3062 693 3113 Nihil
702 3067 783 3117 es!
795 3065 850 3112 ia
868 3066 1087 3126 thaliae
1101 3065 1216 3115 vivi.
1241 3060 1354 3113 Co-

337 3134 477 3189 dices
507 3136 658 3206 Regii
683 3137 879 3191 habent
916 3143 1116 3204 tubum,
1151 3137 1355 3208 elegan-

340 3212 442 3267 tius
464 3225 606 3267 certe
639 3220 771 3280 νίνιζ·
801 3225 1033 3270 attamen
1074 3226 1254 3269 utrum
1288 3215 1355 3269 sit

342 3311 528 3345 verum
552 3292 761 3347 difficile
790 3293 1002 3364 judices.
1021 3296 1355 3347 Aia—Lia-

336 3389 461 3438 μω·
477 3389 595 3440 «μω
611 3383 787 3440 peccat
798 3391 934 3440 pars,
946 3371 1053 3425 luat
1062 3374 1354 3442 panasAEd.

407 3450 465 3503 31
481 3471 520 3503 1.
548 3454 764 3515 Montis,
798 3452 979 3524 Sipyli.
1000 3453 1077 3507 lbi
1099 3463 1357 3523 perpetuo

342 3527 471 3582 flere
488 3527 815 3583 credebatur.
829 3558 898 3570 —
914 3533 1223 3602 lacrymas5
1244 3530 1360 3583 vul-

343 3626 410 3676 go
432 3610 673 3679 lacqmis
698 3608 806 3679 (ita
830 3628 1039 3679 quoque
1066 3608 1215 3679 Regii
1242 3627 1357 3662 nos-

342 3684 470 3749 tri).
504 3685 578 3737 At
611 3705 816 3738 manare
848 3685 1037 3754 passim
1076 3703 1196 3739 cum
1237 3702 1358 3738 casu

343 3774 533 3831 quarto
556 3763 818 3832 reperitur
844 3782 857 3817 ε
890 3762 1010 3817 vide
1038 3762 1321 3817 Heinsium
1340 3801 1357 3829 ,

344 3842 434 3911 qui
463 3843 611 3911 plura
641 3842 855 3911 hujusce
876 3843 1103 3915 syntaxis
1125 3842 1359 3912 exempla

342 3921 522 3973 refert.
560 3921 813 3973 Nostrum
837 3921 1084 3990 expressit
1119 3922 1356 3987 Seneca,

347 4000 750 4066 Agamemnone
772 4038 787 4064 ‚
814 3999 908 4066 37¹
933 4037 949 4065 ,
977 3998 1062 4051 ubi
1078 3998 1143 4051 de
1158 3999 1356 4053 Niobe:

344 4078 463 4130 Stat
479 4095 612 4128 nunc
632 4078 798 4146 Sipyli
814 4079 999 4127 urlt'ce
1021 4094 1213 4128 summo
1231 4080 1361 4130 He-

345 4159 446 4208 bile
466 4173 648 4206 satum
664 4194 678 4215 ,
702 4156 777 4205 El
784 4155 952 4206 adbuc
961 4156 1214 4225 lacrymas
1230 4175 1362 4207 mar*-

346 4230 724 4299 notescendum!
733 4232 962 4300 Antiqua
971 4251 1142 4284 novas.
1162 4230 1365 4285 Confer

350 4322 403 4365 et
428 4312 669 4381 Propert.
695 4310 780 4379 11,
804 4327 903 4365 xvr
925 4350 942 4381 ,
971 4330 1014 4382 7.
1041 4310 1270 4365 Fontem
1293 4312 1364 4366 sa·

1448 2123 1539 2176 ubi
1564 2132 1745 2177 narrat
1763 2162 1778 2189 ,
1804 2142 1858 2175 se
1879 2160 1895 2188 ,
1935 2133 1995 2174 ut
2017 2122 2230 2176 Nioben
2257 2131 2468 2191 specta-

1447 2210 1529 2252 ret
1546 2238 1561 2266 ,
1589 2198 1914 2253 adscendisse
1941 2200 1997 2253 in
2028 2199 2273 2271 Sipylum
2299 2216 2467 2251 mon-

1447 2288 1558 2331 tem
1578 2317 1594 2343 ,
1621 2276 1796 2346 ibique
1822 2276 2006 2331 vidisse
2021 2295 2211 2346 rupem
2229 2276 2470 2346 precipi-

1449 2365 1588 2421 tem,
1628 2372 1745 2424 quoe
1779 2355 1963 2424 procul
1995 2356 2154 2409 stanti
2185 2354 2470 2424 imaginem

1446 2432 1683 2485 mulieris
1709 2442 1908 2486 moestae
1926 2443 1980 2485 et
2002 2432 2340 2504 lacrymantis
2364 2451 2467 2485 ex-

1446 2509 1674 2563 hibebat.
1714 2509 1970 2563 Similiter
2008 2508 2245 2577 Quintus
2279 2509 2470 2580 Smyr-

1446 2605 1592 2641 noeus
1609 2627 1626 2654 ,
1655 2587 1681 2640 l
1703 2627 1718 2655 ,
1754 2607 1849 2659 ²9²
1866 2606 1977 2656 sqq.
1997 2624 2013 2653 ,
2042 2585 2392 2656 Apollodorus
2414 2595 2470 2638 et

1448 2665 1709 2738 Hyginus.
1729 2665 1880 2720 Idem
1895 2665 2228 2718 confirmavit
2254 2662 2473 2717 Chand-

1447 2744 1526 2797 ler
1542 2746 1596 2797 in
1624 2745 1806 2799 ltiner.
1834 2743 2051 2797 Conser.
2074 2753 2128 2797 et
2149 2742 2434 2812 Sophocles
2452 2780 2467 2809 ,

1448 2821 1631 2890 Antig.
1657 2822 1771 2874 835.

1513 2900 1768 2954 313-381.
1806 2903 1931 2953 Tum
1957 2919 2074 2953 ueto
2098 2909 2196 2953 etc.
2227 2899 2474 2971 Agl-estes

1450 2977 1624 3050 Lyciae
1640 2977 1899 3031 Latonam
1916 2988 2186 3031 errantem
2200 2979 2346 3047 aquis
2355 2996 2474 3046 pro·

1448 3054 1692 3109 bibentes
1718 3066 1995 3109 mutantur
2011 3057 2068 3109 in
2091 3075 2258 3110 ranas.
2278 3054 2473 3129 Lycia-

1448 3152 1567 3187 cam
1584 3133 1722 3187 hanc
1739 3134 1968 3188 fabulam
1982 3135 2312 3189 Menecrates
2325 3136 2475 3188 Xau-

1450 3211 1590 3266 thius
1621 3213 1673 3265 iu
1719 3212 1947 3287 Lyciacis
1982 3225 2299 3268 narraverat.
2337 3213 2471 3268 Inde

1452 3307 1571 3342 eam
1596 3289 1768 3343 hausit
1791 3290 2058 3345 Nicander
2073 3332 2089 3359 ,
2112 3301 2166 3344 et
2188 3311 2250 3344 ex
2273 3309 2339 3344 eo
2353 3291 2473 3343 An-

1453 3367 1670 3422 toninus
1686 3407 1702 3435 ,
1729 3369 1821 3438 qui
1845 3388 1971 3423 vero
1996 3369 2050 3422 in
2077 3368 2343 3421 nonnullis
2367 3367 2476 3421 dis-

1451 3447 1627 3501 sentit.
1654 3448 1872 3502 Conser.
1891 3459 1946 3502 et
1971 3449 2174 3502 Probus
2199 3447 2262 3500 ad
2291 3446 2475 3516 Virgil.

1454 3527 1650 3598 Geor-g.
1669 3528 1694 3581 1
1714 3567 1729 3596 ,
1761 3529 1859 3598 378
1874 3568 1889 3595 ,
1924 3538 1977 3581 et
1997 3528 2211 3582 Servius
2234 3526 2298 3580 ad
2319 3545 2475 3579 eum-

1455 3606 1579 3660 dem
1629 3607 1803 3660 locum
1821 3644 1837 3672 ,
1881 3606 2002 3675 qui,
2045 3608 2180 3659 sorte
2216 3605 2475 3658 memoria

1454 3685 1657 3755 lapsus,
1686 3684 1875 3752 tradit,
1902 3683 2155 3739 Ovidium
2182 3685 2247 3738 de
2276 3683 2475 3738 Cerere

1458 3764 1830 3832 Proserpinam
1855 3773 2124 3830 quaerente
2147 3762 2284 3815 banc
2308 3762 2471 3815 sabu-

1456 3843 1560 3897 lam
1584 3843 1837 3897 retulisse.
1863 3843 2022 3896 Forte
2052 3862 2142 3896 ara
2177 3842 2392 3895 Latonae
2416 3841 2474 3894 in

1455 3932 1642 3991 stagno
1698 3920 1928 3990 quodam
1974 3921 2114 3977 ranis
2168 3919 2473 3974 abundante

1456 3999 1599 4053 hunc
1644 3999 1891 4072 mythum
1931 3999 2148 4069 peperit.
2180 4026 2249 4040 ·-
2285 4001 2465 4061 Tanti,

1459 4097 1555 4148 pro
1578 4082 1772 4137 cuncti,
1814 4096 1876 4129 ex
1910 4096 2019 4130 uno
2057 4076 2298 4130 Leidensi
2331 4075 2478 4131 dedit

1458 4155 1832 4222 Burmannus,
1872 4156 1992 4225 quia
2025 4156 2262 4224 sequitur
2289 4174 2482 4209 onnes.

1458 4261 1524 4274 —
1543 4237 1749 4298 Cuncti,
1775 4235 1964 4288 nostris
1984 4232 2265 4289 Codicibus
2287 4233 2479 4305 Regiis.

1458 4340 1526 4354 -
1553 4311 1910 4382 Mandalum,
1960 4313 2108 4368 sactis
2143 4312 2477 4368 declaratam.
