3217 5134
832 528 954 593 128

1392 528 1472 594 P.
1526 527 1878 599 OVIDII
1930 525 2387 600 NASONIS

823 666 1138 766 Dumque
1173 664 1274 740 ibi
1304 667 1628 768 suspirat,
1664 685 1888 743 motos
1918 668 1990 742 in
2024 668 2345 744 arundine
2380 686 2610 746 ventos

825 789 1146 865 Effecisse
1178 818 1419 868 sonum
1451 807 1745 880 tenuem,
1778 791 2193 893 similemque
2225 792 2524 893 querenti
2552 822 2569 867 ε

826 915 993 989 Arte
1022 941 1233 1002 nova,
1270 912 1585 1014 vocisque
1609 914 1830 990 Deum
1864 914 2210 990 dulcedine
2246 933 2512 1017 captum
2531 972 2549 1004 ,

835 1069 873 1103 α
912 1037 1064 1109 Hoc
1097 1035 1264 1110 mihi
1295 1036 1651 1110 concilium
1686 1054 1941 1126 tecum,
1977 1037 2258 1126 dixisse,
2294 1038 2590 1113 manebit
2618 1065 2636 1111 τ
2669 1069 2704 1104 »ι
2841 1073 2922 1129 710

827 1159 1053 1261 Atque
1084 1159 1178 1233 ita
1212 1158 1593 1260 disparibus
1627 1157 1893 1233 calamis
1925 1161 2311 1261 compagine
2346 1189 2508 1236 eerae
2884 1171 2891 1179 ’

829 1284 1014 1356 Inter
1046 1309 1116 1356 se
1143 1279 1393 1384 junctis
1426 1309 1673 1355 nomen
1703 1282 1995 1357 tenuisse
2028 1280 2284 1383 puellae.

830 1403 1020 1479 Talia
1053 1403 1354 1478 dicturus
1379 1459 1399 1493 ,
1431 1379 1600 1477 vidit
1634 1402 1975 1505 Cyllenius
2007 1431 2237 1478 omnes

827 1641 959 1686 tant.
981 1630 1038 1684 in
1075 1630 1298 1701 Argum.
1334 1632 1391 1682 ἐι
1424 1631 1696 1683 omdz‘nes
1722 1647 1847 1683 con-

832 1729 976 1765 versa
989 1716 1084 1763 est.

899 1807 1011 1859 707.
1042 1789 1271 1856 Dumque
1293 1789 1374 1840 ibe·
1398 1790 1635 1852 suspie'ol.
1676 1788 1765 1840 Ibe·
1788 1787 1846 1840 in

830 1864 1031 1919 calamo
1066 1864 1290 1935 suspirat
1321 1863 1540 1936 Syrius,
1564 1863 1647 1916 vel
1677 1866 1848 1933 potius

831 1943 949 1997 Pan
969 1982 986 2009 ,
1030 1942 1100 1996 ob
1122 1941 1365 1995 amissam
1393 1939 1711 2013 Nympham.
1747 1944 1849 1996 Ed.

1941 1628 2077 1685 Pani
2092 1637 2281 1684 contra
2303 1627 2387 1682 alii
2408 1627 2655 1682 tribuunt
2672 1633 2929 1696 ελοηίιωλπ,

1941 1709 1976 1761 i.
2001 1728 2048 1762 e.
2072 1708 2254 1761 tibiam
2278 1706 2545 1776 obliquam
2572 1726 2585 1760 :
2615 1705 2716 1759 vid.
2737 1706 2931 1758 omnino

1948 1783 2238 1853 Spanhem.
2268 1783 2331 1837 ad
2362 1782 2571 1837 Gallim.
2589 1782 2641 1836 b.
2664 1782 2812 1836 Dian.
2840 1783 2932 1846 245.

1945 1862 2147 1914 Veram
2162 1859 2348 1916 fistule
2372 1860 2636 1931 originem
2651 1861 2803 1914 refert
2815 1855 2933 1912 baud

1944 1939 2102 1994 dubie
2123 1940 2331 1996 Lueret.
2350 1940 2421 2009 V,
2443 1942 2599 1996 1283:
2614 1943 2937 2012 Zephyrium

901 2021 1014 2091 708.
1035 2021 1218 2073 -Sonm
1237 2026 1428 2073 tenuem
1448 2059 1462 2081 ‚
1510 2017 1723 2087 qualem
1744 2018 1853 2073 ha-
1935 2022 2348 2087 percolamus
2369 2021 2539 2089 sybila
2551 2025 2762 2086 μήπω
2777 2016 2935 2083 Agres-

830 2098 922 2152 bet
944 2097 1143 2164 fistula,
1185 2096 1329 2150 unde
1363 2096 1471 2167 ipsa
1509 2101 1760 2165 λιι-πιλία,
1795 2106 1851 2152 et

831 2184 998 2233 team
1021 2177 1228 2232 dicitur.

902 2275 1014 2328 7¹⁰·
1043 2256 1336 2308 Coacemn.
1384 2251 1531 2307 Olim
1553 2252 1703 2307 edeb.
1727 2273 1853 2308 con-

829 2340 1003 2390 silium
1025 2346 1116 2389 aut
1136 2337 1448 2401 colloquium.
1472 2331 1853 2388 Jae-a-Cruce

832 2415 1082 2470 suadebat
1107 2415 1384 2466 condition:
1400 2451 1413 2472 ,
1451 2410 1571 2480 quia
1597 2411 1651 2463 in
1683 2410 1855 2466 fistula

835 2493 992 2548 multi
1040 2490 1223 2545 calami
1244 2529 1259 2555 ,
1305 2500 1553 2557 tanquam
1606 2489 1815 2544 annulis
1835 2528 1852 2557 ,

837 2569 1111 2640 compositi
1122 2569 1337 2622 suerint.
1355 2565 1564 2620 Ciosan.
1576 2587 1639 2621 ex
1652 2567 1857 2624 duobus

839 2648 1004 2704 MSS.
1017 2646 1318 2718 proferebat
1335 2649 1602 2700 conciliem
1618 2687 1633 2707 ‚
1661 2646 1694 2700 i.
1712 2666 1759 2700 e.
1773 2666 1858 2701 so·

840 2728 996 2783 cietas
1013 2765 1028 2794 ,
1069 2722 1397 2779 consuetudo
1413 2762 1429 2790 ,
1467 2723 1608 2793 quod
1626 2763 1642 2792 ,
1690 2744 1857 2794 quum

841 2806 999 2861 etiam
1039 2804 1095 2857 in
1135 2803 1330 2856 Lovan.
1369 2812 1627 2869 exstaret,
1666 2805 1859 2858 merito

840 2894 1113 2954 receptum
1138 2890 1215 2934 est
1238 2880 1302 2933 ab
1329 2880 1514 2934 Heins.
1540 2878 1677 2934 cod.
1707 2881 1773 2935 R.
1794 2883 1857 2936 B.

840 2966 1093 3017 solatium.
1119 2960 1242 3013 Non
1272 2958 1408 3012 male
1439 2969 1625 3013 nostro
1647 2959 1860 3029 judicio.

841 3068 908 3081 -
932 3041 1047 3092 Hoc
1071 3040 1243 3091 milti...
1265 3039 1502 3090 manebit.
1545 3037 1653 3091 Hie
1675 3048 1860 3093 cantus

842 3137 930 3174 me
970 3134 1180 3185 semper
1217 3114 1310 3168 tibi
1352 3113 1675 3177 conciliabiu
1701 3113 1863 3184 hujus

840 3193 956 3249 soni
974 3210 1124 3246 causa
1146 3209 1357 3260 semper
1378 3201 1496 3243 utar
1521 3201 1610 3243 tua
1631 3209 1859 3245 consue-

845 3268 1061 3333 tudine;
1096 3286 1157 3320 ex
1183 3277 1232 3319 te
1255 3266 1442 3320 faciam
1467 3265 1691 3319 fistulam
1710 3304 1726 3333 ,
1756 3286 1861 3336 qua

843 3347 1030 3402 crebro
1048 3355 1166 3398 utar
1178 3342 1269 3397 otii
1288 3341 1499 3395 fallendi
1512 3361 1680 3396 causa.
1695 3343 1765 3396 Et
1776 3362 1862 3396 so-

727 3453 732 3458 ·
843 3425 982 3481 lebat
1005 3424 1118 3477 Pan
1143 3439 1353 3491 semper
1377 3418 1480 3473 boe
1504 3420 1861 3476 instrumento

844 3507 1044 3560 musico
1060 3500 1321 3555 delectari.
1346 3501 1626 3554 Concilium
1640 3500 1710 3554 ita
1725 3500 1825 3553 dici
1840 3539 1859 3568 ,

842 3584 1031 3655 probat
1053 3581 1117 3634 ad
1144 3580 1196 3633 b.
1226 3579 1259 3633 l.
1292 3578 1477 3631 Heins-
1512 3577 1631 3646 Ipsa
1666 3577 1860 3632 soedera

845 3673 901 3717 et
925 3659 1162 3714 amicitiae
1184 3667 1440 3710 vorantur
1459 3659 1692 3712 concileo.
1729 3654 1862 3710 (Σε-

845 3750 1023 3793 terum
1047 3733 1216 3788 fistula
1239 3733 1340 3786 suit
1364 3732 1577 3801 triplex:
1598 3734 1864 3799 μονοκάλα-

844 3842 927 3888 μος
941 3857 959 3884 ,
987 3833 1146 3885 quam
1166 3813 1367 3865 invenit
1388 3812 1687 3874 Mercurius
1704 3811 1864 3881 (Ho-

847 3914 978 3950 mer.
999 3894 1203 3964 Hymn.
1221 3907 1266 3954 1,
1288 3890 1456 3943 Mero.
1479 3887 1649 3960 5093)
1670 3892 1869 3946 πολυκίν-

846 3985 985 4043 λαμος
1002 4012 1017 4039 ,
1051 3971 1199 4040 cujus
1221 3979 1404 4022 auctor
1440 3967 1664 4021 Silenus.
1710 3967 1865 4022 lllam

845 4053 1097 4121 denique,
1115 4067 1230 4118 qun
1251 4068 1369 4103 cera
1390 4047 1699 4118 glutinatur,
1713 4049 1863 4116 cujus

845 4134 1084 4190 inventio
1103 4132 1156 4186 h.
1189 4132 1217 4184 Ι.
1246 4142 1301 4185 et
1325 4131 1470 4199 Virg.
1501 4130 1613 4184 Ecl.
1643 4130 1730 4196 11,
1759 4130 1823 4182 32
1841 4169 1859 4196 ,

849 4214 982 4268 Pani
1002 4210 1326 4276 adscribitur,
1343 4210 1581 4281 Marsyas
1603 4207 1862 4264 invenisse.

843 4290 1073 4345 traditur
1083 4288 1216 4357 apud
1232 4287 1568 4355 Athenaeum,
1584 4286 1685 4353 IV,
1696 4305 1744 4354 p.
1755 4306 1771 4338 ι
1781 4286 1861 4352 84.

1944 2103 2022 2149 tes
2034 2097 2242 2149 docuere
2254 2110 2412 2150 meas
2423 2098 2603 2163 eostam
2615 2102 2817 2150 cekutas.
2830 2092 2863 2146 J
2864 2109 2938 2145 am

1947 2191 2112 2242 quum
2132 2175 2328 2228 musica
2346 2173 2414 2227 ob
2438 2173 2700 2244 insignem
2714 2181 2939 2244 prestan-

1947 2248 2076 2303 tiam
2099 2249 2339 2304 divinum
2360 2268 2490 2320 opus
2522 2248 2819 2316 baberetur,
2838 2249 2940 2301 sac-

1948 2335 2064 2382 tum
2090 2338 2168 2382 est
2186 2367 2205 2394 ‚
2236 2339 2294 2382 ut
2323 2328 2562 2381 inventio
2586 2328 2940 2383 celeberrimo·-

1948 2425 2072 2462 rum
2098 2407 2575 2462 instrumentorum
2606 2408 2720 2462 Diis
2743 2405 2945 2462 auctori-

1949 2486 2046 2539 bus
2074 2485 2427 2550 tribueretur;
2469 2497 2522 2540 et
2558 2486 2733 2542 fistula
2755 2484 2945 2556 quidem

1952 2565 2215 2635 pastoralis
2238 2564 2369 2619 Pani
2389 2605 2406 2632 ,
2431 2564 2551 2618 Deo
2573 2566 2782 2621 tutelari
2803 2574 2944 2635 pasto·

1952 2664 2091 2698 rum.
2129 2645 2327 2699 Fistula
2350 2656 2526 2700 autem
2553 2665 2724 2717 quum
2745 2647 2808 2701 sit
2825 2646 2947 2700 sim-

1954 2722 2227 2793 plicissima
2240 2763 2257 2790 ‚
2277 2742 2451 2792 neque
2468 2743 2592 2778 usus
2609 2726 2722 2794 ejus
2742 2723 2946 2778 multum

1953 2800 2335 2855 exercitationis
2373 2801 2610 2870 requirat
2636 2841 2651 2869 ,
2693 2802 2789 2855 suit
2825 2795 2947 2855 haud

1954 2874 2110 2929 dubie
2123 2876 2177 2929 in
2194 2877 2562 2945 antiquissimis
2581 2875 2947 2933 instrumentis:

1955 2952 2220 3008 Plutarch.
2245 2952 2309 3007 de
2336 2955 2475 3008 Mus.
2501 2976 2551 3024 p.
2588 2977 2611 3008 ι
2628 2958 2731 3010 ι3ὃ.

2023 3051 2079 3101 7¹
2094 3052 2135 3084 ι.
2162 3033 2496 3098 Dtlrporibuss
2522 3031 2950 3102 scilioetlongitu-

1956 3110 2097 3165 dine.
2122 3111 2326 3166 Calami
2346 3131 2411 3165 eo
2439 3112 2629 3168 ordine
2652 3112 2951 3167 collocaban-

1956 3203 2076 3259 tur,
2113 3203 2174 3247 nt
2198 3192 2493 3247 breviorem
2530 3213 2744 3263 semper
2771 3209 2952 3260 seque·-

1956 3280 2106 3323 retur
2124 3270 2345 3339 longior.
2361 3269 2468 3323 Res
2484 3269 2623 3323 clara
2641 3281 2718 3324 est
2734 3289 2793 3323 ex
2810 3267 2880 3319 vl
2886 3264 2952 3326 11,

1962 3364 2072 3418 190.
2097 3364 2213 3415 sqq.
2239 3344 2325 3400 Cs.
2356 3346 2501 3416 Virg.
2524 3346 2634 3400 Ecl.
2651 3347 2705 3401 11
2722 3386 2738 3415 ,
2762 3345 2850 3406 36.
2876 3338 2955 3394 ubi

1957 3422 2128 3478 fistula
2158 3444 2222 3478 ex
2244 3435 2449 3494 septem
2472 3425 2655 3481 cicutis
2685 3422 2958 3496 disparibus

1956 3500 2057 3556 hoe
2081 3500 2242 3554 modo
2257 3503 2558 3572 composita.
2583 3519 2651 3545 ³—
2678 3505 2959 3570 commuue

1955 3581 2217 3650 vituperat
2267 3582 2481 3650 Servius
2531 3581 2597 3635 ad
2645 3580 2917 3652 Virgilium
2940 3615 2955 3645 ,

1962 3659 2175 3714 AEneid.
2200 3660 2409 3734 1,-293,
2435 3660 2581 3730 quasi
2598 3678 2783 3731 parum
2800 3656 2960 3711 latine.

1961 3736 2066 3791 Sed
2088 3738 2272 3792 Burm.
2300 3738 2453 3794 docet
2476 3738 2529 3792 h.
2550 3738 2582 3791 l.
2607 3739 2767 3793 etiam
2789 3731 2962 3790 Manil-

1959 3814 2141 3870 dixisse
2163 3822 2456 3886 conpagine
2483 3836 2581 3887 pro
2610 3834 2858 3884 conpage,
2880 3819 2965 3865 aut

1958 3897 2296 3962 compagibus.
2318 3921 2385 3937 ·-
2400 3896 2595 3950 Nomen
2608 3900 2826 3948 {tamine
2836 3890 2965 3960 puel·

1958 3976 2035 4025 Ie.
2075 3974 2213 4028 Nam
2252 3977 2413 4049 σύριγξ
2456 3972 2652 4026 Grecis
2688 3971 2872 4026 fistula.
2908 3992 2968 4007 ·-·

1961 4049 2099 4103 Vide
2124 4059 2276 4122 notas
2298 4051 2352 4103 in
2378 4068 2511 4103 vers.
2541 4068 2636 4120 7⁰²
2661 4060 2715 4102 et
2740 4048 2848 4118 706.

2029 4149 2053 4197 7
2065 4131 2138 4182 13.
2156 4131 2411 4199 Cyllenius
2426 4169 2440 4190 ‚
2468 4127 2769 4181 Mercurius
2782 4164 2798 4192 ,
2815 4138 2965 4194 quem

1960 4206 2106 4259 Maia
2121 4206 2177 4258 in
2198 4204 2447 4278 Cyllenes
2460 4244 2477 4272 ,
2493 4206 2688 4259 montis
2708 4200 2936 4258 Arcadiae
2950 4237 2967 4264 ,

1959 4286 2152 4340 vertice
2179 4285 2382 4354 peperit
2408 4306 2420 4340 :
2448 4285 2633 4355 Vix-gil.
2658 4279 2964 4344 AEn.V111,
