3217 5134
633 568 1718 644 METAMORPHOSEON
1774 570 1969 637 LIB.
2030 570 2090 638 Ῑ.

287 721 383 794 Ut
422 715 658 818 templi
697 716 973 812 tetigere
1007 714 1254 811 gradus
1273 769 1292 801 ‚
1325 712 1714 815 procumbit
1744 729 2026 812 uterque

2342 571 2429 662 93

2336 734 2436 803 37⁵

285 837 564 910 Pronus
590 832 814 920 humi,
855 828 1211 932 gelidoque
1247 857 1492 931 pavens
1521 828 1706 903 dedit
1738 826 1966 901 oscula
1996 852 2176 901 saxo.

285 953 515 1053 Atque
549 950 682 1038 ita,
725 982 761 1014 «
803 949 877 1023 Si
909 946 1255 1049 precibus,
1291 945 1632 1033 dixerunt,
1666 943 1941 1018 numina
1963 943 2162 1043 justis

291 1101 329 1135 n
368 1066 572 1141 Victa
609 1061 1111 1150 remollescunt‚
1146 1062 1205 1136 si
1237 1060 1523 1136 flectitur
1552 1061 1652 1134 ira
1682 1060 2016 1148 Deorum;

293 1217 329 1250 »ι
369 1183 544 1270 Dic,
581 1180 823 1254 Themi
854 1235 874 1268 ‚
914 1208 1044 1280 qua
1082 1177 1338 1273 generis
1373 1176 1685 1251 damnum
1720 1173 2087 1277 reparabile
2125 1177 2341 1250 nostri

296 1332 332 1364 ι»
373 1298 542 1371 Arte
579 1294 723 1368 sit?
750 1310 817 1368 et
848 1292 1082 1366 mersis
1113 1290 1213 1365 ser
1246 1318 1476 1392 opem,
1512 1291 1862 1365 mitissima
1883 1347 1903 1379 ‚
1935 1288 2159 1364 rebus.
2198 1324 2232 1356 »
2340 1313 2440 1365 380

291 1414 488 1487 Mota
523 1412 667 1485 Dea
690 1427 826 1497 est;
864 1425 1245 1508 sortemque
1286 1406 1515 1481 dedit:
1550 1442 1583 1474 «
1623 1406 1962 1482 Discedite
1993 1404 2287 1507 templo;

295 1563 332 1595 »
370 1531 466 1602 Et
497 1523 706 1602 velate
743 1541 983 1626 caput,
1018 1523 1398 1625 cinctasque
1429 1523 1738 1599 resolvite
1772 1541 1986 1598 vestes
2016 1553 2034 1612 ;

298 1678 336 1712 >1
379 1645 692 1745 Ossaque
731 1657 893 1742 post
926 1657 1187 1735 tergum
1219 1668 1472 1735 magnae
1500 1640 1739 1740 jactate
1765 1640 2079 1742 parentis.
2108 1671 2146 1705 »

300 1762 739 1860 Obstupuere
776 1756 893 1830 diu
915 1811 934 1843 ‚
962 1754 1349 1856 rumpitque
1382 1755 1645 1830 silentia
1677 1784 1836 1864 voce

302 1874 564 1978 Pyrrha
592 1872 815 1975 prior,
847 1871 1182 1972 jussisque
1218 1871 1376 1945 Deae
1409 1898 1640 1972 parere
1673 1886 1932 1944 recusat
1962 1898 1980 1943 ε

297 2081 586 2137 lectionem
628 2096 745 2133 non
788 2075 1116 2146 restituerint
1141 2097 1158 2142 ς
1204 2093 1333 2130 nam

304 2174 427 2235 apta
451 2161 677 2216 videtur.
701 2161 802 2213 Ed.

363 2241 482 2312 375.
528 2241 755 2308 Teligere
773 2239 980 2307 (radus.
1012 2235 1136 2290 Jam
1162 2252 1332 2304 quum

301 2318 508 2389 templa
546 2317 862 2388 plerumque
897 2316 956 2369 in
994 2314 1111 2368 loco
1149 2312 1294 2367 edito
1313 2353 1330 2381 ,

299 2403 586 2473 κρηπίθωμα
596 2394 739 2449 dicto
752 2434 768 2462 ‚
787 2393 1206 2460 edificarentur,
1226 2411 1333 2462 quo

299 2474 493 2528 melius
541 2472 770 2542 conspici
818 2482 1031 2542 possent
1055 2511 1071 2538 ‚
1139 2473 1335 2539 gradus

300 2553 468 2607 etiam
480 2551 544 2604 iis
558 2549 889 2603 addebantur
905 2588 920 2617 ,
945 2550 1035 2618 qui
1055 2550 1139 2602 vel
1157 2559 1334 2603 totum

301 2629 568 2701 tempium
586 2627 858 2680 ambibunt
875 2666 891 2694 ,
916 2626 999 2680 vel
1021 2626 1194 2695 januis
1213 2626 1335 2680 solis

302 2706 684 2769 adher-chaun
710 2703 765 2757 in
791 2704 958 2773 iisque
982 2702 1166 2758 sedere
1187 2703 1335 2773 plebs

303 2786 523 2840 solebat.
567 2781 706 2835 Vide
739 2780 1168 2834 winkelmanni
1205 2782 1336 2834 Au-

304 2866 612 2929 netbungen
648 2863 773 2912 fiber
816 2863 899 2912 dis
933 2860 1210 2913 Baukunst
1250 2862 1342 2913 der

305 2945 484 3003 Alten,
501 2960 551 3010 p.
569 2943 651 3007 45.
667 2936 1003 2992 Deucalionis
1017 2947 1194 2990 tamen
1207 2947 1336 2990 tem·

311 3040 438 3092 pore
459 3019 582 3073 talia
595 3026 912 3071 ornamenta
926 3016 1169 3070 nondum
1185 3027 1340 3072 erant

309 3097 554 3169 templis;
589 3107 644 3150 et
666 3095 938 3149 oraculum
961 3093 1089 3148 illud
1119 3095 1257 3148 sorte
1281 3095 1338 3148 in

321 3187 481 3231 anu-o
498 3173 682 3229 sedem
707 3172 945 3227 habebat.

373 3253 496 3325 376.
512 3255 712 3306 Paneas
726 3253 878 3305 dedu.
902 3250 1068 3320 Quasi
1083 3260 1341 3320 prasente

316 3331 542 3386 numine
563 3369 580 3397 ,
624 3328 843 3383 horrore
882 3327 1112 3398 quodam
1146 3328 1343 3398 perfusi

315 3421 368 3464 et
391 3405 778 3462 venerabundi.
809 3409 909 3459 Ed.

377 3489 497 3560 377.
525 3488 693 3555 Atque
710 3489 791 3537 ila
808 3503 956 3538 nunc
977 3503 1085 3538 esse
1105 3483 1342 3538 voventis

313 3563 604 3619 formulam
620 3601 637 3630 ‚
658 3562 934 3616 contendit
956 3563 1252 3616 Burmann.
1276 3561 1343 3615 ad

321 3642 434 3695 vu
456 3680 473 3707 ,
500 3644 617 3694 διο.
639 3640 874 3693 Fallitur.
899 3640 1081 3694 Potest
1101 3639 1185 3693 hic
1208 3657 1345 3709 quo-

317 3741 421 3792 que
436 3761 453 3789 ‚
473 3731 537 3774 ut
556 3739 690 3774 vers.
707 3721 824 3786 τιὸ,
843 3719 1031 3789 accipi,
1051 3737 1157 3789 quo
1171 3721 1308 3773 sacto
1324 3759 1341 3789 ,

321 3809 522 3854 tunu—
531 3800 593 3852 st
604 3809 702 3852 etc.
720 3797 863 3850 Talis
876 3795 1109 3850 conditio
1122 3797 1346 3867 plerum-

327 3896 431 3947 que
457 3878 698 3947 precibus
719 3875 1057 3946 premittitur
1073 3915 1090 3944 ‚
1127 3886 1185 3928 ut
1210 3878 1306 3944 545
1328 3913 1345 3943 ,

327 3965 386 4007 et
403 3955 509 4008 vu
528 3995 542 4017 ,
564 3954 696 4020 515;
723 3954 868 4025 Virg-
883 3954 1096 4007 AEneid.
1117 3954 1172 4007 11
1189 3993 1205 4020 ‚
1231 3955 1347 4026 689.

331 4032 396 4087 In
411 4033 492 4089 his
503 4040 560 4088 si
568 4045 649 4090 est
664 4074 680 4102 ‚
707 4035 975 4104 quoniam.
989 4055 1058 4076 -··
1070 4036 1254 4087 Herse&
1265 4054 1350 4088 m-

325 4116 425 4165 bas
438 4152 453 4174 ,
477 4113 701 4167 miserim
716 4123 909 4166 nostra
920 4152 934 4174 ‚
959 4111 1099 4164 sorte
1113 4129 1234 4163 cum
1251 4131 1349 4164 re-

326 4199 510 4259 spectu
525 4190 592 4245 ad
609 4190 893 4244 diluvium:
911 4189 1058 4258 virg.
1083 4187 1209 4241 AEn.
1232 4189 1312 4243 x1
1332 4228 1349 4256 ,

322 4268 443 4338 335,
457 4271 608 4322 rebus
621 4275 893 4323 succan-ite
892 4266 1256 4340 fess1255'1’ibul.
1274 4266 1349 4334 11,

321 4361 397 4401 m
411 4386 428 4417 ‚
445 4369 475 4402 a
485 4368 505 4402 ι
516 4387 533 4417 ,
547 4351 756 4417 (reptilis
761 4354 934 4418 petere
948 4348 1157 4402 omcula
1170 4347 1315 4400 rebus
1330 4362 1356 4411 ‚-

2345 1873 2447 1942 385

1429 2076 1641 2143 Noster,
1670 2076 1723 2141 l,
1746 2075 1907 2131 Trist.
1926 2092 2016 2143 ιν,
2041 2074 2106 2128 35
2120 2112 2136 2142 ,
2160 2075 2307 2128 mbas
2326 2092 2450 2128 suc-

1428 2160 1609 2209 cnm‘le
1629 2159 1806 2224 lapsis.
1844 2181 1851 2192 ·

1496 2233 1611 2287 382.
1670 2235 1971 2301 Cinctaque
2013 2233 2258 2284 resolvite.
2320 2229 2450 2286 Duo

1431 2310 1640 2365 Heinsii
1672 2320 1727 2364 et
1760 2328 1897 2364 unus
1928 2308 2127 2363 Moreti
2159 2313 2451 2378 cinctasque

1428 2394 1692 2456 mcebgite,
1730 2387 1874 2458 quod
1898 2386 2231 2441 adblanditur
2262 2388 2452 2442 Burm-

1431 2482 1492 2527 ut
1523 2491 1585 2525 ex
1620 2490 1775 2525 more
1807 2469 2073 2526 Ovidiauo
2105 2470 2323 2525 dictum.
2373 2470 2451 2525 At

1431 2566 1542 2603 nou
1576 2548 1652 2603 sic
1681 2546 1843 2603 ovid.
1872 2548 2030 2601 verba
2052 2548 2259 2618 repetit.
2290 2547 2453 2602 Geb-

1430 2626 1580 2681 hard.
1609 2627 1636 2681 1
1655 2667 1671 2694 ‚
1709 2625 1869 2696 Crep.
1896 2648 1924 2679 2
1944 2666 1959 2692 ,
2000 2626 2225 2681 malebat
2244 2665 2259 2693 ,
2283 2646 2450 2680 cunc-

1430 2714 1608 2775 tasque
1627 2711 1878 2774 recingile.
1902 2705 2125 2759 Veteres
2146 2724 2314 2775 quum
2334 2724 2453 2758 rem

1430 2804 1634 2839 sacram
1667 2793 1979 2853 peragerent
1994 2821 2009 2849 ,
2048 2789 2206 2851 caput
2236 2793 2409 2837 totum
2433 2824 2452 2851 ,

1432 2874 1629 2935 preter
1664 2882 1724 2916 os
1746 2901 1762 2928 ‚
1809 2866 2058 2915 velamine
2093 2861 2324 2931 quodam
2361 2874 2456 2916 aut

1434 2942 1630 2995 amictu
1666 2938 1975 3010 operiebant
2004 2977 2020 3004 ‚
2074 2957 2145 2992 ne
2191 2939 2327 2993 sorte
2370 2960 2455 2993 res

1434 3017 1559 3070 mali
1575 3016 1768 3070 ominis
1781 3033 1871 3069 eos
1887 3015 2148 3069 turbaret:
2164 3015 2310 3087 Virg.
2326 3017 2455 3070 AEn.

1438 3095 1551 3161 111,
1579 3099 1679 3163 405
1702 3113 1815 3164 sqq.
1834 3133 1851 3160 ‚
1876 3093 2051 3162 ibique
2078 3094 2258 3166 Heyn.
2282 3106 2337 3148 et
2360 3095 2456 3149 Er-

1435 3174 1573 3228 nesti
1599 3172 1747 3227 Ciav.
1773 3170 1887 3226 Cic.
1914 3171 1973 3224 in
1999 3175 2210 3225 uelatus.
2243 3172 2453 3227 Iidem-

1438 3271 1541 3321 que
1557 3258 1725 3308 vestes
1743 3256 1943 3305 extinctas
1959 3254 2270 3304 resolvebant
2279 3291 2292 3313 ,
2324 3268 2457 3306 sona

1436 3329 1606 3385 soluta
1625 3369 1642 3398 ,
1678 3329 1802 3399 quia
1832 3329 1888 3381 in
1915 3328 2071 3382 sacris
2102 3327 2235 3382 nihil
2256 3330 2457 3400 religa-

1439 3419 1556 3462 tum
1573 3427 1683 3462 esse
1707 3406 1945 3461 debebat.

1505 3486 1620 3539 383.
1649 3488 1878 3555 Ossaque
1886 3491 2010 3553 pos!
2019 3492 2221 3552 tergun.
2241 3483 2329 3538 Cf.
2345 3503 2457 3538 ora·

1439 3563 1621 3619 culum
1652 3563 1954 3631 Tarquiniis
1974 3572 2028 3617 et
2050 3563 2220 3616 Bruto
2241 3561 2454 3630 datum,

1441 3640 1555 3695 Liv.
1590 3642 1653 3706 1,
1693 3640 1758 3693 56
1793 3662 1808 3704 ς
1855 3638 1997 3693 unde
2030 3639 2286 3693 Nostrum
2322 3640 2460 3696 hane

1441 3731 1640 3776 sortem
1659 3720 1899 3774 sumsisse
1920 3729 2069 3790 putat
2086 3720 2286 3773 Muret.
2303 3720 2459 3775 Varr.

1443 3798 1588 3852 Lect-
1611 3797 1664 3851 X
1682 3836 1697 3866 ,
1730 3809 1804 3851 n.
1829 3796 1972 3850 Male
1989 3836 2006 3864 ‚
2031 3797 2151 3866 quia
2175 3796 2334 3851 ovid.
2360 3798 2460 3855 hoc

1443 3879 1718 3934 oraculum
1746 3896 1858 3931 non
1885 3877 2069 3945 finxit,
2100 3876 2191 3931 sed
2212 3897 2240 3930 a
2265 3876 2462 3934 Grecis

1443 3955 1698 4010 traditum
1734 3955 1945 4024 accepit.
1987 3953 2094 4008 Sed
2126 3955 2312 4008 melius
2345 3965 2458 4023 est,

1444 4034 1587 4105 quod
1617 4033 1764 4088 idern
1792 4033 1989 4087 ibidem
2011 4042 2228 4100 monet,
2263 4034 2460 4104 lapides

1447 4112 1609 4166 etiam
1635 4111 1868 4182 Tragicis
1890 4111 1991 4164 dici
2014 4124 2097 4180 γίς
2121 4118 2248 4177 ὅςιος.

1511 4189 1626 4258 384.
1648 4192 1946 4258 Rumpitqae
1952 4193 2160 4243 sileaeltioe
2173 4208 2308 4245 voce.
2324 4190 2464 4245 Redi

1447 4267 1514 4324 ad
1540 4268 1626 4322 lib.
1655 4269 1681 4321 1
1700 4307 1714 4334 ,
1742 4268 1860 4321 Art.
1888 4268 2065 4321 Amat.
2084 4287 2134 4319 v.
2157 4268 2273 4343 3²9·
2294 4272 2396 4323 Ed.

1512 4346 1627 4401 385.
1657 4349 1856 4419 Pyrrha
1881 4352 2057 4418 prior,
2105 4348 2228 4416 quia
2261 4348 2464 4402 mulie-
