3217 5134
609 562 1648 638 METAMORPHOSEON
1696 570 1890 637 LIB.
1943 572 2099 637 111.

2291 567 2427 637 261·

291 743 329 777 n
369 709 571 785 Scitis
604 711 816 799 enim,
851 728 919 785 et
944 710 1174 786 multis
1207 709 1462 786 latebra
1496 726 1877 812 opportuna
1905 709 2148 784 fuistis.

288 857 327 892 »
369 829 704 927 Ecquem,
742 854 949 928 quum
979 844 1209 902 vestrae
1247 845 1351 900 tot
1385 845 1667 923 agantur
1698 825 1919 902 secula
1942 827 2091 900 vitae
2112 880 2133 915 ,

291 973 331 1007 n
376 942 520 1041 Qui
557 943 652 1017 sic
685 944 976 1018 tabuerit
1001 1002 1016 1033 ,
1052 943 1261 1040 longo
1293 943 1689 1019 meministis
1721 944 1793 1017 in
1825 945 2014 1018 aevo?

2278 998 2285 1003 ·
2328 960 2428 1029 44⁵

287 1089 329 1122 »
369 1059 465 1131 Et
497 1057 747 1161 placet,
786 1077 853 1133 et
886 1059 1118 1148 video;
1161 1060 1277 1135 sed
1314 1059 1498 1161 quod
1533 1059 1905 1160 videoque,
1944 1057 2332 1159 placetque,

287 1203 329 1238 ³»
371 1174 532 1247 Non
564 1189 784 1248 tamen
821 1170 1090 1249 invenio
1125 1206 1141 1249 τ
1179 1193 1405 1250 tantus
1433 1193 1615 1249 tenet
1653 1200 1841 1249 error
1873 1173 2238 1248 amantem!

287 1322 329 1356 >2
374 1290 670 1392 Quoque
703 1292 913 1388 magis
949 1290 1243 1379 doleam;
1280 1320 1404 1366 nec
1433 1320 1561 1366 nos
1594 1319 1775 1366 mare
1811 1309 2073 1391 separat
2106 1291 2381 1385 iugens,

283 1438 326 1472 2>
367 1408 508 1482 Nec
544 1407 685 1494 via,
721 1436 842 1481 uec
876 1427 1177 1497 montes,
1210 1437 1332 1484 nec
1365 1408 1607 1484 clausis
1638 1408 1882 1483 moenia
1916 1407 2134 1508 portis
2162 1435 2181 1492 ;

280 1554 326 1587 »
371 1523 630 1620 Exigua
661 1524 1100 1625 prohibemur
1127 1553 1299 1626 aqua
1329 1555 1346 1599 z
1385 1526 1573 1627 cupit
1604 1526 1747 1628 ipse
1776 1527 1987 1600 teneri
2013 1557 2033 1613 3
2066 1606 2079 1620 ,

2325 1541 2428 1614 450

284 1669 327 1703 »
369 1638 577 1727 Nam,
622 1642 888 1741 quoties
922 1641 1201 1742 liquidis
1229 1641 1654 1743 porreximus
1688 1640 1917 1715 oscula
1948 1639 2242 1743 lymphis
2266 1694 2287 1727 ,

282 1785 325 1819 >v
367 1755 498 1829 Hic
536 1757 735 1830 toties
769 1755 854 1831 ad
880 1784 985 1831 me
1019 1757 1338 1857 resupino
1372 1757 1615 1830 nititur
1644 1785 1758 1831 ore
1788 1785 1805 1830 ε
1834 1782 1839 1787 ·

285 1902 327 1937 »
368 1870 577 1945 Posse
598 1890 797 1973 putes
815 1873 998 1969 tangi
1014 1873 1394 1947 :minimum
1416 1890 1552 1961 est,
1577 1872 1764 1975 quod
1781 1870 2160 1947 amantibus
2177 1870 2420 1943 obstat.

282 2018 325 2053 »
370 1987 702 2089 Quisquis
731 2017 832 2077 es,
869 1989 1002 2063 huc
1036 1990 1175 2063 exi!
1213 1989 1376 2090 quid
1408 2016 1514 2063 me
1534 2044 1554 2076 ,
1587 2016 1759 2089 puer
1783 1987 2011 2073 unice,
2046 1986 2271 2062 fallis?

283 2137 326 2171 ³>
368 2104 608 2201 Quove
642 2106 895 2207 petitus
927 2107 1126 2180 abis?
1156 2124 1329 2180 certe
1365 2134 1496 2181 nec*
1521 2105 1737 2179 forma
1756 2161 1775 2193 ,
1811 2132 1934 2178 nec
1963 2121 2121 2179 aetas

2322 2121 2424 2189 45⁵

284 2252 325 2286 κ
365 2222 490 2295 Est
512 2249 688 2311 mea,
727 2250 924 2324 quam
945 2221 1164 2318 fugias
1186 2251 1203 2311 3
1226 2239 1293 2297 et
1317 2240 1624 2298 amarunt
1641 2250 1747 2296 me
1775 2250 2046 2325 quoque
2068 2218 2414 2323 Nymphae.

283 2376 326 2411 n
366 2344 569 2446 Spem
602 2345 804 2433 mihi,
837 2346 1062 2420 nescio
1098 2374 1327 2446 quam,
1363 2344 1551 2420 vultu
1587 2345 1926 2448 promittis
1961 2345 2212 2430 amico;

283 2502 324 2535 »
366 2452 733 2571 Quumque
771 2499 897 2566 ego
929 2470 1199 2573 porrexi
1236 2469 1364 2543 tibi
1397 2470 1703 2561 brachia,
1740 2470 2034 2573 porrigis
2066 2468 2246 2543 ultro
2279 2496 2294 2540 z

287 2625 328 2659 n
368 2593 602 2690 Quum
632 2593 785 2681 risi,
821 2593 1080 2668 adrides
1109 2624 1124 2668 ε
1163 2593 1466 2668 lacrimas
1500 2623 1767 2696 quoque
1803 2621 1974 2696 saepe
2005 2591 2265 2681 notavi,

283 2748 324 2784 2>
364 2717 481 2790 Me
515 2714 932 2806 lacrimante,
968 2734 1114 2797 tuas
1144 2717 1373 2792 :uictu
1411 2744 1679 2818 quoque
1715 2716 1903 2812 signa
1931 2715 2260 2790 remittis:
2315 2737 2418 2806 460

343 2933 458 3000 443.
503 2934 661 2986 &iltis
692 2937 826 2986 em'm
840 2972 854 2995 ,
904 2939 961 2986 et
990 2937 1163 2987 mullis
1197 2943 1297 2988 etc.

277 3012 623 3067 Burmannus
648 3011 897 3080 opinatur
929 3011 1297 3080 procacitatem

275 3088 639 3163 nympharum
661 3088 744 3142 hic
767 3089 926 3159 tangi.
957 3088 1065 3143 Sed
1089 3089 1299 3143 videtur

274 3177 436 3239 poeta
453 3167 677 3220 omnino
702 3176 940 3221 amantes
959 3166 1296 3236 intellexisse,

275 3245 372 3315 qui
393 3246 504 3299 sere
519 3246 631 3300 loca
647 3256 873 3313 remota,
890 3244 1041 3299 silvas
1054 3255 1108 3299 et
1124 3255 1295 3311 antra,

274 3343 519 3396 querere
558 3325 746 3379 solent.
788 3323 1090 3379 Commoda
1116 3335 1297 3379 autem

273 3414 358 3458 est
380 3403 494 3458 haec
510 3402 577 3456 ad
598 3402 749 3458 silvas
769 3401 1175 3473 apostropha.—
1188 3406 1295 3458 Ec-

267 3500 456 3552 quem·¹
502 3500 651 3550 quum
671 3487 849 3534 vestra·
876 3491 972 3534 etc.
1000 3479 1155 3535 Ordo
1179 3491 1293 3536 est:

271 3559 520 3628 Ecquem
535 3558 848 3612 meministis
861 3597 877 3623 ,
901 3558 956 3610 in
977 3557 1137 3627 longo
1149 3574 1260 3612 aevo
1276 3595 1293 3624 ,

268 3636 370 3706 qui
406 3636 480 3690 sic
515 3633 743 3688 tabuerit
759 3674 776 3701 ,
802 3644 856 3688 et
878 3634 1129 3704 paulatim
1150 3652 1294 3689 con-

262 3725 515 3785 sumptus
534 3715 602 3770 sit
616 3714 643 3768 i*
666 3716 769 3770 Ed.

337 3796 452 3861 448.
478 3796 588 3847 Nec
598 3811 842 3846 uos-mare
853 3799 1062 3861 separa!
1069 3802 1166 3847 etc.
1180 3792 1295 3848 Pli-

261 3872 423 3939 nius,
451 3871 616 3942 Epist.
641 3870 724 3926 vl
743 3910 759 3939 ,
798 3885 821 3924 1
838 3910 852 3937 ,
886 3890 906 3922 ι
937 3889 950 3924 :
973 3872 1293 3924 Deum-rma

259 3955 557 4006 absentium
589 3952 942 4017 ne'be'lpecehde
963 3968 1030 4003 ac
1052 3954 1295 4003 w'ete‘nilas

260 4027 623 4085 cenez—sed
634 4028 788 4082 ωἀἰιι
807 4027 886 4084 his
901 4027 1293 4099 impedimentis

263 4107 414 4162 male
440 4117 924 4171 commemoratum
946 4125 1008 4160 ea
1034 4105 1181 4159 enim
1202 4106 1293 4160 sa-

261 4187 366 4243 cile
394 4196 569 4256 potest
589 4185 852 4239 transiliri.
879 4212 950 4226 —
984 4186 1172 4239 Tenere
1195 4202 1297 4239 vox

264 4264 572 4320 amantium
585 4304 602 4332 ,
616 4283 780 4335 quum
793 4264 945 4335 potiti
959 4273 1086 4318 sunt
1098 4273 1292 4330 amato,

265 4355 326 4400 et
347 4344 522 4400 ferme
554 4360 680 4400 cum
706 4341 1025 4412 amplexibus
1055 4341 1296 4411 nonina-q

1607 2890 1631 2918 ἃ

1393 2932 1549 3004 gitur.
1588 2932 1729 2999 v11,
1760 2932 1825 2986 56
1841 2970 1857 2999 ,
1901 2933 2007 2998 143.
2037 2958 2104 2973 -
2144 2933 2404 3001 D’qm‘de's.

1394 3011 1639 3082 limpidis.
1661 3038 1728 3052 --
1748 3013 2007 3077 Resupino
2029 3020 2126 3065 etc.
2145 3049 2161 3077 ,
2190 3018 2427 3081 corpore'

1394 3089 1647 3143 inclinato
1665 3128 1680 3155 ,
1706 3106 1914 3143 sursum
1936 3088 2066 3159 erigi
2087 3099 2325 3143 conatur.

1460 3169 1578 3234 454.
1595 3169 1733 3220 Puer
1743 3174 1905 3222 καίει.
1928 3166 2087 3221 Unus
2109 3168 2411 3236 Palatinus;

1394 3260 1540 3298 unus
1557 3245 1780 3314 Argent.
1801 3256 1857 3300 et
1875 3245 2059 3318 Thysii
2081 3246 2243 3300 codex
2255 3286 2272 3314 ,
2287 3267 2418 3316 puer

1392 3327 1580 3387 ιύιϊσ,
1613 3323 1755 3392 quod
1783 3323 1993 3378 Danieli
2011 3363 2027 3389 ,
2054 3325 2278 3379 Heinsio
2306 3326 2411 3395 pla·

1391 3400 1632 3456 αὖθι-
1653 3403 1848 3458 [snei-us
1862 3443 1876 3465 ‚
1909 3422 2068 3472 quem
2084 3421 2192 3472 proe
2212 3404 2413 3457 ceteris

1392 3497 1661 3547 amamus,
1691 3481 1812 3551 quia
1847 3481 2046 3536 ceteris
2083 3491 2291 3550 prestat
2325 3481 2409 3534 vel

1392 3561 1554 3613 animi
1586 3561 1670 3615 vel
1692 3560 1923 3630 corporis
1945 3558 2167 3612 dotibus.
2205 3558 2411 3613 Multus

1390 3648 1472 3692 est
1501 3639 1556 3691 in
1584 3637 1638 3692 h.
1663 3658 1710 3691 v,
1733 3635 2038 3706 explicando
2054 3636 2241 3690 Heius.
2264 3635 2329 3688 ad
2356 3636 2407 3690 h.

1390 3716 1424 3771 Ι.
1449 3717 1593 3772 Raro
1617 3717 1834 3787 ponitur
1857 3733 1955 3785 pro
1977 3735 2120 3769 unus.

1456 3798 1570 3866 457.
1602 3798 1866 3849 Pmm'ltek
1891 3794 2190 3866 exquisitius
2216 3815 2375 3866 quam
2393 3836 2410 3864 ,

1387 3874 1525 3928 sacis.
1542 3900 1608 3915 -·
1624 3876 1865 3937 Amicus,
1900 3872 2089 3928 hilaris.
2106 3873 2245 3928 VIII
2260 3875 2406 3945 ,677,

1389 3954 1517 4004 bom’
1529 3955 1711 4005 vultus.
1739 3977 1806 3993 —-
1832 3952 2050 4004 Ponat
2078 3954 2187 4004 tibi.
2226 3948 2411 4005 Codex

1393 4031 1589 4101 Regius
1611 4032 1663 4086 A
1684 4071 1700 4098 ,
1734 4049 1833 4102 pro
1853 4035 1974 4095 lae'bt',
2006 4030 2165 4085 habet
2184 4050 2313 4084 mea.
2340 4057 2409 4072 ·-

1391 4111 1546 4163 Metu
1567 4108 1714 4164 dedit
1731 4110 2074 4163 Burmannus
2091 4128 2153 4163 ex
2178 4127 2287 4162 uno
2307 4109 2429 4179 Ju-·

1391 4186 1553 4240 niano
1569 4225 1586 4252 ,
1615 4204 1781 4255 quum
1804 4186 1979 4241 ceteri
2005 4193 2128 4240 nutu
2160 4196 2252 4241 aut
2276 4194 2413 4241 motu

1390 4261 1635 4317 habeant.
1661 4289 1729 4305 --
1760 4262 1914 4334 Regii
1941 4263 2109 4318 nostri
2124 4303 2138 4328 ,
2174 4270 2317 4317 nutu.
2342 4290 2409 4304 -

1391 4344 1576 4401 Niclns
1584 4343 1827 4415 proprius
1839 4353 1917 4400 est
1932 4345 2415 4415 mantiamffimm
