3217 5134
654 547 1699 618 METAMORPHOSEON
1754 552 1955 621 LIB.
2014 554 2153 623 VI.

314 687 609 764 Rettulit
636 692 911 766 exitium
938 722 955 781 ;
991 690 1210 791 Satyri
1244 690 1692 767 reminiscitur
1722 689 1889 769 alter
1906 750 1928 780 ,

314 805 542 902 Quem
573 808 959 883 Tritoniaca
992 809 1248 884 Latous
1282 808 1606 884 arundine
1643 809 1893 884 victum

314 922 585 997 Adfecit
612 952 831 1027 poena.
872 959 906 991 «
943 925 1132 1022 Quid
1162 953 1266 999 me
1302 925 1470 999 mihi
1507 925 1850 1003 detrahis?
1882 928 2144 1028 inquit:
2356 954 2454 1007 385

202 1138 209 1149 ,
324 1073 359 1104 »
402 1039 512 1115 Ab
550 1042 773 1142 piget!
814 1041 898 1117 ah
933 1071 1076 1116 non
1106 1061 1244 1131 est,
1282 1041 1640 1131 clamabat,
1678 1043 1846 1118 tibia
1877 1044 2086 1118 tanti!
2125 1079 2159 1111 »

320 1155 650 1232 Clamanti
682 1159 857 1237 cutis
891 1177 993 1235 est
1027 1187 1326 1237 summos
1361 1154 1638 1263 derepta
1666 1188 1789 1262 per
1816 1180 2041 1250 artus;

317 1268 459 1349 Nec
493 1275 860 1376 quidquam
893 1275 1024 1351 nisi
1059 1274 1303 1350 vulnus
1339 1294 1518 1350 erat:
1548 1304 1749 1351 cruor
1779 1276 2075 1378 undique
2106 1297 2331 1353 manat
2359 1309 2375 1352 :

315 1400 710 1501 Detectique
742 1418 974 1501 patent
1005 1401 1229 1488 nervi3
1266 1400 1671 1511 trepidaeque
1699 1402 1843 1475 sine
1875 1401 2010 1477 ulta

314 1521 497 1598 Pelle
528 1523 775 1597 micant
807 1551 990 1598 venoe
1018 1552 1035 1597 ε
1068 1522 1370 1598 salientia
1400 1522 1649 1598 vis'cera
1680 1525 1900 1625 possis
1920 1579 1940 1611 ‚
2358 1546 2458 1617 390
2499 1578 2518 1599 .

316 1740 383 1794 ad
410 1738 734 1799 Callimachi.
754 1741 1017 1814 hymnum
1058 1741 1122 1795 ad
1173 1740 1336 1797 Dian.

320 1822 430 1887 245.
462 1822 689 1894 Marsyae
721 1832 899 1876 autem
934 1822 1104 1877 sabula
1124 1863 1139 1889 ,
1178 1841 1337 1892 quam

318 1900 513 1954 Noster
539 1901 748 1956 brevius
762 1902 904 1971 justo
916 1911 1123 1969 narrat,
1147 1903 1339 1973 legitur

318 1978 478 2031 etiam
503 1977 640 2047 apud
667 1978 1009 2032 Herodotum
1029 2019 1044 2047 ,
1069 1979 1178 2033 vu
1195 2017 1212 2045 ,
1232 1980 1297 2032 26
1318 2001 1332 2043 ;

321 2054 706 2126 Apollodorum
722 2096 738 2123 ,
773 2057 828 2123 1,
854 2071 934 2120 Π,
950 2077 1008 2120 ²3
1036 2054 1340 2109 Diodorum

320 2133 424 2187 sic.
452 2135 537 2189 111
562 2174 578 2200 ,
622 2154 671 2202 p.
718 2153 846 2205 ¹9²³
884 2132 1162 2204 Hyginum
1188 2172 1204 2200 ,
1239 2134 1341 2187 sab.

325 2215 452 2279 165;
497 2213 891 2284 Palaephatum,
930 2231 1041 2282 cap.
1062 2215 1154 2281 483
1196 2211 1340 2271 Ful-

318 2302 464 2362 gent.
500 2292 585 2346 111
606 2331 620 2357 ,
644 2311 681 2363 9
702 2330 718 2358 ,
753 2291 843 2361 qui
865 2291 1081 2362 mystice
1113 2291 1341 2345 fabulam

318 2371 717 2439 interpretatur.
760 2367 928 2423 Gloes.
967 2368 1087 2422 MS.
1131 2367 1187 2422 in
1216 2369 1343 2423 Ful·

320 2458 465 2519 gent.
507 2445 726 2501 Confer.
771 2448 998 2516 Noster,
1047 2448 1339 2515 Fut.V1‚

318 2526 545 2598 6962qq.
560 2525 684 2579 ibid.
700 2528 813 2579 551.
838 2525 1043 2594 Iniuste
1058 2543 1184 2579 eum
1199 2524 1343 2579 dam·

319 2616 507 2659 natum
534 2604 658 2658 dicit
698 2603 990 2672 Lucianus,
1026 2605 1083 2657 in
1116 2602 1342 2674 Dialogo

318 2682 356 2736 J
360 2701 551 2736 unoms
568 2692 624 2735 et
640 2681 871 2735 Latona.
888 2708 958 2723 --
973 2644 1184 2754 ἰῙι-ιὶα...
1210 2689 1340 2737 νῦν·

319 2783 428 2817 rum
453 2762 799 2817 referendum
823 2761 889 2816 ad
911 2767 1137 2816 exitium
1148 2789 1217 2803 -
1230 2763 1341 2816 sa-

318 2851 458 2913 tyrus
495 2853 574 2895 est
628 2843 737 2911 ipae
781 2842 1034 2914 Marsyas.
1078 2841 1298 2914 Hygino
1320 2879 1337 2909 ,

319 2921 560 2991 Marsyas
587 2927 799 2988 pastor,
841 2939 971 2973 unus
1005 2938 1071 2973 ει·
1105 2922 1342 2990 Satyrum·

320 2998 461 3055 unde
485 3017 613 3051 eum
635 2998 837 3067 pictum
872 3016 999 3053 cum
1027 2996 1191 3051 cauda
1214 3014 1342 3066 por-

318 3078 435 3131 cina
456 3088 638 3131 auctor
670 3088 748 3132 eat
771 3074 1093 3146 Fulgentius.
1118 3075 1339 3127 &lenm

320 3174 444 3209 eum
468 3167 619 3210 vocat
645 3152 954 3209 Herodotus
969 3151 1111 3207 dicto
1129 3151 1340 3206 loeo.—

320 3236 559 3293 Amdo‚
600 3233 760 3297 tibia,
811 3249 926 3300 que
966 3241 1082 3284 tum
1129 3249 1191 3285 ex
1228 3230 1338 3285 aliia

319 3312 476 3366 rebua
492 3351 507 3380 ,
534 3311 642 3364 loto
660 3351 675 3377 ,
693 3310 832 3365 buxo
852 3320 953 3365 etc.
968 3318 1085 3363 tum
1106 3328 1170 3363 ex
1183 3327 1338 3362 arun·

321 3390 459 3444 dinis
493 3408 725 3459 genere,
756 3385 879 3441 inde
924 3386 1067 3442 dicto
1110 3389 1339 3460 σεῦλητικᾷ

320 3466 707 3539 (Theophraet.
730 3467 868 3520 Hist.
893 3465 1065 3520 Ptant.
1093 3465 1199 3532 IV,
1218 3486 1275 3518 12
1292 3467 1337 3531 ),

194 3582 199 3587 ·
317 3544 433 3600 fieri
450 3545 667 3601 wlebat.
687 3545 823 3599 Eam
836 3543 1198 3615 interGraeoos
1223 3545 1338 3597 Tri-

319 3629 461 3681 tonia
481 3626 586 3678 sive
610 3625 856 3681 Minerva
877 3624 1127 3694 reperisse
1151 3622 1339 3678 crede-

316 3701 472 3757 batur
492 3742 508 3770 ,
545 3713 602 3756 et
633 3701 849 3772 quidem
884 3721 948 3755 ex
984 3700 1331 3755 hinnulorum

317 3780 530 3835 ossibus.
576 3780 752 3850 Bion,
788 3780 868 3835 Id.
902 3780 985 3835 Ill
1007 3819 1022 3845 ,
1064 3800 1127 3849 73
1162 3777 1336 3833 Calli-

316 3857 534 3914 machus
558 3899 574 3926 ,
636 3858 839 3932 hymno
883 3858 952 3914 ad
996 3859 1156 3913 Dian.
1200 3861 1331 3926 ²443

320 3935 496 3991 schol.
524 3937 743 3991 Pindari
782 3937 849 3990 ad
882 3937 1037 4009 Pyth.
1071 3936 1179 3992 Od.
1211 3952 1295 3993 κη
1321 3954 1336 3990 :

317 4032 479 4084 quam
516 4014 583 4067 ob
619 4015 1015 4070 deformitatem
1053 4016 1227 4070 vultus
1274 4036 1339 4070 ex

316 4091 449 4145 flatu
471 4090 867 4147 intumescentia
890 4112 919 4147 a
940 4093 1059 4147 Dea
1079 4094 1333 4162 abjectam

317 4169 518 4239 excepit
545 4170 797 4241 Marsyas.
824 4171 874 4225 1³
897 4190 1063 4240 quum
1097 4190 1216 4225 eam
1236 4172 1335 4226 in-

318 4248 447 4303 flare
469 4247 730 4303 didiciaaet
753 4249 984 4316 (Noster
1002 4289 1018 4317 ‚
1058 4250 1195 4304 Faat.
1220 4250 1299 4304 v1
1315 4290 1339 4317 ,

323 4329 418 4397 703
445 4331 595 4400 sqq.)
623 4369 638 4396 ‚
684 4329 921 4401 primum
960 4331 1178 4387 certavit
1210 4349 1335 4386 cum

1435 1742 1605 1797 Musis
1628 1781 1644 1808 ,
1668 1758 1793 1796 mox
1814 1761 1939 1797 cum
1961 1742 2074 1814 ipso
2098 1742 2346 1813 Apolline
2376 1764 2466 1799 co-

1432 1839 1551 1873 ram
1580 1820 1750 1874 Musis
1773 1820 2045 1890 judicibus.
2070 1821 2155 1874 Ab
2174 1821 2326 1876 initio
2340 1823 2464 1877 vicit

1434 1897 1694 1970 Marsyas,
1710 1897 1802 1951 sed
1817 1917 1984 1968 quum
2000 1899 2192 1969 Apollo
2205 1900 2459 1954 citharam

1442 1985 1707 2042 versaret,
1752 1975 1852 2027 hoc
1876 1986 1984 2043 est,
2017 1976 2305 2046 interprete
2340 1979 2461 2032 Sal-

1438 2051 1605 2105 maaio
1624 2090 1640 2118 ‚
1679 2050 1743 2103 ad
1770 2051 1936 2106 Solin.
1973 2072 2025 2121 p.
2065 2073 2191 2126 119,
2230 2054 2298 2107 ad
2321 2054 2462 2109 aliud

1437 2128 1817 2182 modulationis
1859 2148 2026 2198 genus
2070 2130 2325 2185 citharam
2364 2153 2461 2186 ac·-

1437 2205 1803 2263 commodaret
1820 2245 1836 2274 ,
1859 2206 2131 2280 Marsyam
2153 2228 2339 2263 amna
2355 2210 2462 2264 de·-

1436 2287 1620 2341 stituit.

1503 2364 1619 2416 385.
1639 2363 1871 2429 Quidue
1885 2366 2248 2418 nemimem
2264 2370 2296 2421 ,Ρ
2311 2366 2458 2436 Quid

1439 2450 1619 2497 cutem
1659 2459 1836 2495 meam
1879 2441 2013 2497 mihi
2050 2441 2280 2499 detrahis
2303 2444 2329 2497 Ρ
2374 2445 2463 2499 Sic

1438 2518 1594 2572 irruit
1618 2518 1934 2576 immediati
1971 2534 2121 2584 rem;
2158 2520 2252 2575 aed
2285 2522 2458 2577 luzum

1437 2597 1660 2651 adhibet
1681 2596 2083 2652 intolerabilem.
2105 2598 2361 2653 Similiter
2385 2602 2458 2666 V,

1439 2675 1537 2743 546
1552 2715 1566 2742 ,
1601 2679 1712 2729 siba·
1738 2678 1961 2730 ablatus.
1980 2703 2052 2717 —
2071 2679 2186 2730 Non
2224 2686 2306 2731 est
2331 2683 2459 2734 tibia

1442 2753 1604 2807 tanti!
1652 2771 1764 2809 non
1801 2764 1914 2807 erat
1934 2793 1952 2819 ,
1987 2773 2082 2807 cur
2116 2754 2242 2808 tibia
2269 2774 2459 2810 canere

1437 2831 1728 2897 discerem,
1771 2849 1938 2899 quum
1963 2830 2094 2884 mihi
2128 2850 2282 2885 causa
2318 2834 2461 2888 exitii

1433 2911 1514 2963 ait.
1556 2908 1697 2962 Vide
1739 2907 1962 2962 Valken.
2002 2908 2068 2961 ad
2100 2909 2412 2979 Euripidem
2443 2951 2459 2978 ,

1437 2987 1652 3058 Hippoi.
1680 2990 1792 3055 441.
1818 3055 1822 3061 Ι

1502 3068 1614 3136 387.
1650 3068 1821 3119 Cutem
1844 3067 1893 3120 ei
1924 3066 2151 3121 detraxit
2171 3069 2255 3123 vel
2286 3069 2352 3123 ad
2376 3072 2462 3140 pi·-

1434 3163 1568 3197 num
1586 3184 1601 3211 ,
1631 3143 1712 3197 vel
1744 3142 1808 3197 ad
1837 3144 2109 3212 platanum
2129 3145 2285 3217 (quoe
2298 3148 2457 3202 Plinii

1434 3221 1607 3275 adbuc
1629 3229 1781 3275 etate
1807 3221 2201 3277 ostendebatur.
2217 3224 2422 3279 Plinius
2437 3266 2450 3291 ,

1435 3299 1571 3354 XVI
1586 3339 1602 3367 ,
1625 3302 1722 3367 44)
1762 3299 1936 3371 ligato.
1961 3300 2042 3355 Ea
2057 3306 2190 3355 cutis
2210 3322 2460 3373 suspensa

1433 3389 1513 3433 est
1526 3378 1591 3433 ab
1609 3379 1853 3449 Apolline
1877 3378 2120 3437 Gelonis.
2130 3381 2458 3447 Herodotus,

1434 3457 1485 3511 d.
1515 3458 1549 3513 l.
1579 3481 1594 3523 ς
1638 3458 1916 3525 Lucanus,
1949 3459 2130 3515 Phara.
2167 3460 2281 3527 111,
2324 3461 2457 3519 aotiz

1434 3537 1675 3592 AElianua
1694 3578 1710 3605 ‚
1753 3537 1892 3592 XIII
1920 3577 1937 3605 ,
1975 3558 2057 3591 αι.
2082 3536 2242 3607 Apud
2275 3538 2459 3610 Hygi-—

1433 3637 1595 3684 num,
1622 3618 1960 3672 membratim
1985 3618 2311 3689 disces-pitin.
2344 3620 2458 3672 Se-

1433 3696 1616 3765 quitur
1636 3695 1915 3765 descriptio
1929 3696 2080 3751 soedae
2093 3698 2238 3752 iatius
2257 3716 2459 3767 opera-

1433 3776 1617 3843 tionis,
1654 3795 1772 3845 quoe
1794 3775 2050 3831 Romanis
2083 3778 2298 3832 sortasse
2329 3777 2454 3846 pla-

1435 3856 1546 3909 cuit
1564 3896 1580 3923 ,
1598 3874 1830 3926 quorum
1849 3856 1989 3910 oculi
2000 3857 2241 3927 sanguini
2257 3856 2460 3910 adsueti

1434 3945 1618 4003 erant,
1644 3935 1734 3990 sed
1765 3936 1956 3989 nostris
1979 3935 2060 3988 vix
2087 3936 2409 4004 probabitur.

1500 4014 1616 4086 390.
1652 4014 1916 4067 salientia.
1949 4011 2064 4066 Can
2071 4014 2171 4068 tab.
2203 4016 2425 4067 stilenleioe
2439 4055 2452 4075 .

1434 4091 1577 4160 quod
1617 4091 1783 4161 placet
1828 4091 2053 4146 Heinsio
2068 4132 2083 4158 ,
2124 4093 2454 4162 improbante

1432 4171 1761 4226 Burmanno.
1791 4172 1942 4242 Regii
1970 4173 2134 4226 nostri
2152 4213 2165 4235 ,
2195 4176 2449 4227 salientia.

1431 4276 1498 4292 ·-
1510 4251 1675 4304 Sam-e
1697 4261 1752 4304 et
1774 4255 1960 4305 aiem
1982 4262 2035 4305 et
2056 4255 2302 4318 trept'dare
2324 4272 2455 4306 ver-

1431 4329 1499 4384 ba
1518 4369 1533 4398 ,
1574 4349 1742 4401 quum
1759 4332 1825 4386 de
1845 4343 1994 4386 motu
2019 4333 2189 4387 cordis
2203 4345 2257 4388 et
2281 4353 2451 4389 vena-

2316 554 2446 649 447
2518 519 2522 523 ¹
