<?xml version="1.0" encoding="UTF-8"?>
<!DOCTYPE html PUBLIC "-//W3C//DTD XHTML 1.0 Transitional//EN"
    "http://www.w3.org/TR/xhtml1/DTD/xhtml1-transitional.dtd">
<html xmlns="http://www.w3.org/1999/xhtml" xml:lang="en" lang="en">
 <head>
  <title>
</title>
<meta http-equiv="Content-Type" content="text/html;charset=utf-8" />
  <meta name='ocr-system' content='tesseract 3.04.00' />
  <meta name='ocr-capabilities' content='ocr_page ocr_carea ocr_par ocr_line ocrx_word'/>
</head>
<body>
  <div class='ocr_page' id='page_1' title='image "./publiusovidiusn01giergoog_0068.png"; bbox 0 0 3217 5134; ppageno 0'>
   <div class='ocr_carea' id='block_1_1' title="bbox 757 501 2044 583">
    <p class='ocr_par' dir='ltr' id='par_1_1' title="bbox 757 501 2044 583">
     <span class='ocr_line' id='line_1_1' title="bbox 757 501 2044 583; baseline -0.001 0"><span class='ocrx_word' id='word_1_1' title='bbox 757 516 845 583; x_wconf 78' lang='grc'><strong>38</strong></span> <span class='ocrx_word' id='word_1_2' title='bbox 1643 501 2044 582; x_wconf 79' lang='lat' dir='ltr'><strong>SERIES&#39;</strong></span> 
     </span>
    </p>
   </div>
   <div class='ocr_carea' id='block_1_2' title="bbox 750 650 2912 2039">
    <p class='ocr_par' dir='ltr' id='par_1_2' title="bbox 750 650 2912 2039">
     <span class='ocr_line' id='line_1_2' title="bbox 753 650 2906 755; baseline -0.002 -26"><span class='ocrx_word' id='word_1_3' title='bbox 753 654 1107 729; x_wconf 84' lang='lat' dir='ltr'><strong>adventum</strong></span> <span class='ocrx_word' id='word_1_4' title='bbox 1138 652 1397 737; x_wconf 79' lang='lat' dir='ltr'><em>Thesei,</em></span> <span class='ocrx_word' id='word_1_5' title='bbox 1448 681 1648 753; x_wconf 91' lang='lat' dir='ltr'><strong>quem</strong></span> <span class='ocrx_word' id='word_1_6' title='bbox 1680 681 1866 755; x_wconf 83' lang='lat' dir='ltr'><strong>paene</strong></span> <span class='ocrx_word' id='word_1_7' title='bbox 1902 678 2159 727; x_wconf 85' lang='lat' dir='ltr'><strong>veneno</strong></span> <span class='ocrx_word' id='word_1_8' title='bbox 2195 650 2666 725; x_wconf 80' lang='lat' dir='ltr'><strong>interfecisset.</strong></span> <span class='ocrx_word' id='word_1_9' title='bbox 2708 651 2906 747; x_wconf 87' lang='lat' dir='ltr'><strong>AEgei</strong></span> 
     </span>
     <span class='ocr_line' id='line_1_3' title="bbox 756 766 2908 870; baseline -0.001 -24"><span class='ocrx_word' id='word_1_10' title='bbox 756 773 999 868; x_wconf 85' lang='lat' dir='ltr'><strong>gaudia</strong></span> <span class='ocrx_word' id='word_1_11' title='bbox 1031 770 1112 844; x_wconf 87' lang='lat' dir='ltr'><strong>de</strong></span> <span class='ocrx_word' id='word_1_12' title='bbox 1146 768 1289 843; x_wconf 90' lang='lat' dir='ltr'><strong>filio</strong></span> <span class='ocrx_word' id='word_1_13' title='bbox 1325 786 1594 870; x_wconf 88' lang='lat' dir='ltr'><strong>recepto</strong></span> <span class='ocrx_word' id='word_1_14' title='bbox 1632 770 1862 844; x_wconf 83' lang='lat' dir='ltr'><strong>turbat</strong></span> <span class='ocrx_word' id='word_1_15' title='bbox 1895 769 2113 843; x_wconf 84' lang='lat' dir='ltr'><strong>Minos</strong></span> <span class='ocrx_word' id='word_1_16' title='bbox 2135 828 2152 854; x_wconf 91' lang='lat'><strong>,</strong></span> <span class='ocrx_word' id='word_1_17' title='bbox 2198 766 2452 843; x_wconf 88' lang='lat' dir='ltr'><strong>bellum</strong></span> <span class='ocrx_word' id='word_1_18' title='bbox 2487 785 2723 842; x_wconf 87' lang='lat' dir='ltr'><strong>contra</strong></span> <span class='ocrx_word' id='word_1_19' title='bbox 2755 796 2908 843; x_wconf 81' lang='lat' dir='ltr'><strong>eum</strong></span> 
     </span>
     <span class='ocr_line' id='line_1_4' title="bbox 754 883 2911 990; baseline -0.002 -27"><span class='ocrx_word' id='word_1_20' title='bbox 754 914 1029 990; x_wconf 83' lang='lat' dir='ltr'><strong>parans,</strong></span> <span class='ocrx_word' id='word_1_21' title='bbox 1066 883 1362 960; x_wconf 76' lang='lat' dir='ltr'><strong>collectis</strong></span> <span class='ocrx_word' id='word_1_22' title='bbox 1391 884 1691 986; x_wconf 88' lang='lat' dir='ltr'><strong>undique</strong></span> <span class='ocrx_word' id='word_1_23' title='bbox 1726 885 1980 987; x_wconf 86' lang='lat' dir='ltr'><strong>copiis,</strong></span> <span class='ocrx_word' id='word_1_24' title='bbox 2018 885 2215 959; x_wconf 88' lang='lat' dir='ltr'><strong>etiam</strong></span> <span class='ocrx_word' id='word_1_25' title='bbox 2247 913 2281 958; x_wconf 92' lang='lat' dir='ltr'><strong>e</strong></span> <span class='ocrx_word' id='word_1_26' title='bbox 2316 884 2489 959; x_wconf 84' lang='lat' dir='ltr'><strong>Paro</strong></span> <span class='ocrx_word' id='word_1_27' title='bbox 2512 940 2532 973; x_wconf 93' lang='lat'><strong>,</strong></span> <span class='ocrx_word' id='word_1_28' title='bbox 2567 883 2690 959; x_wconf 89' lang='lat' dir='ltr'><strong>ubi</strong></span> <span class='ocrx_word' id='word_1_29' title='bbox 2722 886 2911 958; x_wconf 82' lang='lat' dir='ltr'><strong>Ame</strong></span> 
     </span>
     <span class='ocr_line' id='line_1_5' title="bbox 753 1000 2907 1102; baseline -0.002 -23"><span class='ocrx_word' id='word_1_30' title='bbox 753 1006 826 1079; x_wconf 91' lang='lat' dir='ltr'><strong>in</strong></span> <span class='ocrx_word' id='word_1_31' title='bbox 858 1002 1243 1077; x_wconf 83' lang='lat' dir='ltr'><em>monedulam</em></span> <span class='ocrx_word' id='word_1_32' title='bbox 1284 1001 1500 1076; x_wconf 84' lang='lat' dir='ltr'><strong>fuerat</strong></span> <span class='ocrx_word' id='word_1_33' title='bbox 1534 1030 1883 1090; x_wconf 86' lang='lat' dir='ltr'><strong>conversa,</strong></span> <span class='ocrx_word' id='word_1_34' title='bbox 1932 1000 2361 1102; x_wconf 83' lang='lat' dir='ltr'><strong>AEacumque</strong></span> <span class='ocrx_word' id='word_1_35' title='bbox 2396 1001 2466 1073; x_wconf 89' lang='lat' dir='ltr'><strong>in</strong></span> <span class='ocrx_word' id='word_1_36' title='bbox 2497 1017 2723 1101; x_wconf 86' lang='lat' dir='ltr'><strong>partes</strong></span> <span class='ocrx_word' id='word_1_37' title='bbox 2753 1028 2907 1074; x_wconf 87' lang='lat' dir='ltr'><strong>suas</strong></span> 
     </span>
     <span class='ocr_line' id='line_1_6' title="bbox 753 1116 2907 1222; baseline -0.003 -27"><span class='ocrx_word' id='word_1_38' title='bbox 753 1119 1012 1195; x_wconf 86' lang='lat' dir='ltr'><strong>trahere</strong></span> <span class='ocrx_word' id='word_1_39' title='bbox 1046 1121 1345 1220; x_wconf 90' lang='lat' dir='ltr'><strong>cupiens.</strong></span> <span class='ocrx_word' id='word_1_40' title='bbox 1403 1120 1500 1193; x_wconf 81' lang='lat' dir='ltr'><strong>At</strong></span> <span class='ocrx_word' id='word_1_41' title='bbox 1532 1117 1644 1193; x_wconf 90' lang='lat' dir='ltr'><strong>ille</strong></span> <span class='ocrx_word' id='word_1_42' title='bbox 1675 1119 1758 1193; x_wconf 86' lang='lat' dir='ltr'><strong>ab</strong></span> <span class='ocrx_word' id='word_1_43' title='bbox 1792 1119 2007 1213; x_wconf 87' lang='lat' dir='ltr'><strong>AEgeo</strong></span> <span class='ocrx_word' id='word_1_44' title='bbox 2043 1118 2266 1206; x_wconf 90' lang='lat' dir='ltr'><strong>stetit,</strong></span> <span class='ocrx_word' id='word_1_45' title='bbox 2316 1135 2384 1191; x_wconf 91' lang='lat' dir='ltr'><strong>et</strong></span> <span class='ocrx_word' id='word_1_46' title='bbox 2416 1116 2501 1191; x_wconf 87' lang='lat' dir='ltr'><strong>ad</strong></span> <span class='ocrx_word' id='word_1_47' title='bbox 2536 1145 2688 1191; x_wconf 91' lang='lat' dir='ltr'><strong>eum</strong></span> <span class='ocrx_word' id='word_1_48' title='bbox 2720 1116 2907 1222; x_wconf 77' lang='lat' dir='ltr'><strong>Myr—</strong></span> 
     </span>
     <span class='ocr_line' id='line_1_7' title="bbox 750 1231 2905 1336; baseline -0.003 -26"><span class='ocrx_word' id='word_1_49' title='bbox 750 1238 1021 1311; x_wconf 81' lang='lat' dir='ltr'><strong>midones</strong></span> <span class='ocrx_word' id='word_1_50' title='bbox 1049 1265 1239 1326; x_wconf 82' lang='lat' dir='ltr'><strong>suoS,</strong></span> <span class='ocrx_word' id='word_1_51' title='bbox 1275 1253 1435 1336; x_wconf 89' lang='lat' dir='ltr'><strong>post</strong></span> <span class='ocrx_word' id='word_1_52' title='bbox 1471 1263 1736 1330; x_wconf 83' lang='lat' dir='ltr'><strong>gravem</strong></span> <span class='ocrx_word' id='word_1_53' title='bbox 1771 1251 2024 1335; x_wconf 89' lang='lat' dir='ltr'><strong>pestem</strong></span> <span class='ocrx_word' id='word_1_54' title='bbox 2049 1233 2374 1334; x_wconf 62' lang='lat' dir='ltr'><strong>efhmn&#39;ctk</strong></span> <span class='ocrx_word' id='word_1_55' title='bbox 2402 1250 2590 1307; x_wconf 91' lang='lat' dir='ltr'><strong>ortos</strong></span> <span class='ocrx_word' id='word_1_56' title='bbox 2609 1288 2627 1319; x_wconf 94' lang='lat'><strong>,</strong></span> <span class='ocrx_word' id='word_1_57' title='bbox 2654 1231 2905 1306; x_wconf 83' lang='lat' dir='ltr'><strong>auxilio</strong></span> 
     </span>
     <span class='ocr_line' id='line_1_8' title="bbox 754 1347 2906 1454; baseline -0.003 -25"><span class='ocrx_word' id='word_1_58' title='bbox 754 1355 943 1429; x_wconf 86' lang='lat' dir='ltr'>misit</span> <span class='ocrx_word' id='word_1_59' title='bbox 970 1411 989 1443; x_wconf 88' lang='lat'><strong>,</strong></span> <span class='ocrx_word' id='word_1_60' title='bbox 1029 1354 1192 1427; x_wconf 85' lang='lat' dir='ltr'><strong>duce</strong></span> <span class='ocrx_word' id='word_1_61' title='bbox 1246 1351 1525 1454; x_wconf 81' lang='lat' dir='ltr'><em>Cephalo</em></span> <span class='ocrx_word' id='word_1_62' title='bbox 1570 1351 2006 1439; x_wconf 85' lang='lat' dir='ltr'><strong>Atheniensi,</strong></span> <span class='ocrx_word' id='word_1_63' title='bbox 2045 1349 2162 1452; x_wconf 92' lang='lat' dir='ltr'><strong>qui</strong></span> <span class='ocrx_word' id='word_1_64' title='bbox 2195 1349 2425 1422; x_wconf 88' lang='lat' dir='ltr'>Phoco</span> <span class='ocrx_word' id='word_1_65' title='bbox 2448 1405 2468 1436; x_wconf 91' lang='lat'><strong>,</strong></span> <span class='ocrx_word' id='word_1_66' title='bbox 2505 1349 2693 1423; x_wconf 87' lang='lat' dir='ltr'><strong>AEaci</strong></span> <span class='ocrx_word' id='word_1_67' title='bbox 2725 1347 2906 1438; x_wconf 90' lang='lat' dir='ltr'><strong>filio,</strong></span> 
     </span>
     <span class='ocr_line' id='line_1_9' title="bbox 757 1465 2912 1570; baseline -0.003 -25"><span class='ocrx_word' id='word_1_68' title='bbox 757 1488 986 1545; x_wconf 87' lang='lat' dir='ltr'><strong>narrat</strong></span> <span class='ocrx_word' id='word_1_69' title='bbox 1014 1527 1032 1558; x_wconf 94' lang='lat'><strong>,</strong></span> <span class='ocrx_word' id='word_1_70' title='bbox 1090 1469 1435 1570; x_wconf 87' lang='lat' dir='ltr'><strong>quomodo</strong></span> <span class='ocrx_word' id='word_1_71' title='bbox 1475 1469 1560 1544; x_wconf 90' lang='lat' dir='ltr'><strong>ab</strong></span> <span class='ocrx_word' id='word_1_72' title='bbox 1596 1472 1863 1544; x_wconf 82' lang='lat' dir='ltr'><strong>Aurora</strong></span> <span class='ocrx_word' id='word_1_73' title='bbox 1896 1485 1964 1542; x_wconf 87' lang='lat' dir='ltr'><strong>et</strong></span> <span class='ocrx_word' id='word_1_74' title='bbox 2010 1484 2244 1568; x_wconf 90' lang='lat' dir='ltr'><strong>raptus</strong></span> <span class='ocrx_word' id='word_1_75' title='bbox 2284 1484 2353 1541; x_wconf 88' lang='lat' dir='ltr'><strong>et</strong></span> <span class='ocrx_word' id='word_1_76' title='bbox 2385 1467 2516 1540; x_wconf 85' lang='lat' dir='ltr'><strong>alia</strong></span> <span class='ocrx_word' id='word_1_77' title='bbox 2537 1465 2758 1567; x_wconf 79' lang='lat' dir='ltr'><strong>fhrma</strong></span> <span class='ocrx_word' id='word_1_78' title='bbox 2804 1466 2912 1540; x_wconf 90' lang='lat' dir='ltr'><strong>in-</strong></span> 
     </span>
     <span class='ocr_line' id='line_1_10' title="bbox 755 1582 2912 1687; baseline 0 -26"><span class='ocrx_word' id='word_1_79' title='bbox 755 1587 995 1675; x_wconf 78' lang='lat' dir='ltr'><strong>dutuS,</strong></span> <span class='ocrx_word' id='word_1_80' title='bbox 1033 1585 1300 1660; x_wconf 83' lang='lat' dir='ltr'><strong>Procrin</strong></span> <span class='ocrx_word' id='word_1_81' title='bbox 1331 1614 1610 1660; x_wconf 83' lang='lat' dir='ltr'><strong>uxorem</strong></span> <span class='ocrx_word' id='word_1_82' title='bbox 1644 1585 1716 1659; x_wconf 92' lang='lat' dir='ltr'><strong>in</strong></span> <span class='ocrx_word' id='word_1_83' title='bbox 1743 1583 2143 1687; x_wconf 73' lang='lat' dir='ltr'><strong>adulterium</strong></span> <span class='ocrx_word' id='word_1_84' title='bbox 2174 1582 2550 1685; x_wconf 85' lang='lat' dir='ltr'><strong>pellexerit,</strong></span> <span class='ocrx_word' id='word_1_85' title='bbox 2586 1583 2670 1659; x_wconf 86' lang='lat' dir='ltr'><strong>ab</strong></span> <span class='ocrx_word' id='word_1_86' title='bbox 2700 1613 2912 1686; x_wconf 87' lang='lat' dir='ltr'><strong>eaque</strong></span> 
     </span>
     <span class='ocr_line' id='line_1_11' title="bbox 752 1700 2907 1805; baseline -0.002 -25"><span class='ocrx_word' id='word_1_87' title='bbox 752 1733 836 1780; x_wconf 85' lang='lat' dir='ltr'><strong>ex</strong></span> <span class='ocrx_word' id='word_1_88' title='bbox 869 1705 1029 1799; x_wconf 86' lang='lat' dir='ltr'><strong>fuga</strong></span> <span class='ocrx_word' id='word_1_89' title='bbox 1062 1731 1322 1778; x_wconf 88' lang='lat' dir='ltr'><strong>reversa</strong></span> <span class='ocrx_word' id='word_1_90' title='bbox 1355 1730 1562 1797; x_wconf 71' lang='lat' dir='ltr'><strong>canem</strong></span> <span class='ocrx_word' id='word_1_91' title='bbox 1609 1720 1677 1777; x_wconf 91' lang='lat' dir='ltr'><strong>et</strong></span> <span class='ocrx_word' id='word_1_92' title='bbox 1707 1703 1991 1805; x_wconf 71' lang='lat' dir='ltr'><strong>faculam</strong></span> <span class='ocrx_word' id='word_1_93' title='bbox 2027 1702 2394 1802; x_wconf 87' lang='lat' dir='ltr'><strong>acceperit,</strong></span> <span class='ocrx_word' id='word_1_94' title='bbox 2456 1730 2748 1803; x_wconf 86' lang='lat' dir='ltr'><strong>quorum</strong></span> <span class='ocrx_word' id='word_1_95' title='bbox 2793 1700 2907 1777; x_wconf 85' lang='lat' dir='ltr'><strong>ille</strong></span> 
     </span>
     <span class='ocr_line' id='line_1_12' title="bbox 754 1818 2911 1925; baseline -0 -30"><span class='ocrx_word' id='word_1_96' title='bbox 754 1850 909 1895; x_wconf 91' lang='lat' dir='ltr'><strong>cum</strong></span> <span class='ocrx_word' id='word_1_97' title='bbox 948 1821 1141 1919; x_wconf 53' lang='lat' dir='ltr'><strong>vukoe</strong></span> <span class='ocrx_word' id='word_1_98' title='bbox 1173 1819 1499 1893; x_wconf 86' lang='lat' dir='ltr'><strong>Thebana</strong></span> <span class='ocrx_word' id='word_1_99' title='bbox 1532 1819 1603 1891; x_wconf 90' lang='lat' dir='ltr'><strong>in</strong></span> <span class='ocrx_word' id='word_1_100' title='bbox 1640 1847 1863 1895; x_wconf 74' lang='lat' dir='ltr'><strong>saxum</strong></span> <span class='ocrx_word' id='word_1_101' title='bbox 1883 1847 2256 1925; x_wconf 49' lang='lat' dir='ltr'><strong>,conversus</strong></span> <span class='ocrx_word' id='word_1_102' title='bbox 2292 1818 2413 1909; x_wconf 85' lang='lat' dir='ltr'><strong>sit,</strong></span> <span class='ocrx_word' id='word_1_103' title='bbox 2448 1819 2580 1893; x_wconf 90' lang='lat' dir='ltr'><strong>hoc</strong></span> <span class='ocrx_word' id='word_1_104' title='bbox 2616 1835 2838 1893; x_wconf 90' lang='lat' dir='ltr'><strong>autem</strong></span> <span class='ocrx_word' id='word_1_105' title='bbox 2871 1848 2911 1894; x_wconf 87' lang='lat' dir='ltr'><strong>a</strong></span> 
     </span>
     <span class='ocr_line' id='line_1_13' title="bbox 753 1935 2358 2039; baseline -0.002 -29"><span class='ocrx_word' id='word_1_106' title='bbox 753 1964 826 2031; x_wconf 81' lang='lat' dir='ltr'><strong>se</strong></span> <span class='ocrx_word' id='word_1_107' title='bbox 858 1936 1282 2039; x_wconf 86' lang='lat' dir='ltr'><strong>imprudente</strong></span> <span class='ocrx_word' id='word_1_108' title='bbox 1314 1935 1595 2013; x_wconf 87' lang='lat' dir='ltr'><strong>missum</strong></span> <span class='ocrx_word' id='word_1_109' title='bbox 1627 1964 1905 2011; x_wconf 85' lang='lat' dir='ltr'><strong>uxorem</strong></span> <span class='ocrx_word' id='word_1_110' title='bbox 1938 1936 2358 2010; x_wconf 84' lang='lat' dir='ltr'><strong>interfecerit.</strong></span> 
     </span>
    </p>
   </div>
   <div class='ocr_carea' id='block_1_3' title="bbox 744 2081 2908 4407">
    <p class='ocr_par' dir='ltr' id='par_1_3' title="bbox 744 2081 2908 4407">
     <span class='ocr_line' id='line_1_14' title="bbox 854 2081 2896 2189; baseline 0 -33"><span class='ocrx_word' id='word_1_111' title='bbox 854 2084 1008 2157; x_wconf 80' lang='lat' dir='ltr'><strong>Lm.</strong></span> <span class='ocrx_word' id='word_1_112' title='bbox 1049 2085 1239 2157; x_wconf 81' lang='lat' dir='ltr'><strong>VIIL</strong></span> <span class='ocrx_word' id='word_1_113' title='bbox 1303 2082 1521 2157; x_wconf 68' lang='lat' dir='ltr'><strong>ltlz&#39;noi</strong></span> <span class='ocrx_word' id='word_1_114' title='bbox 1556 2082 1824 2157; x_wconf 88' lang='lat' dir='ltr'><strong>interim</strong></span> <span class='ocrx_word' id='word_1_115' title='bbox 1866 2085 2208 2178; x_wconf 84' lang='lat' dir='ltr'><strong>Megaram</strong></span> <span class='ocrx_word' id='word_1_116' title='bbox 2240 2082 2580 2157; x_wconf 84' lang='lat' dir='ltr'><strong>obsidenti</strong></span> <span class='ocrx_word' id='word_1_117' title='bbox 2637 2081 2856 2189; x_wconf 79' lang='lat' dir='ltr'><strong>Scylla</strong></span> <span class='ocrx_word' id='word_1_118' title='bbox 2875 2140 2896 2169; x_wconf 89' lang='lat'><strong>,</strong></span> 
     </span>
     <span class='ocr_line' id='line_1_15' title="bbox 755 2199 2904 2305; baseline -0 -32"><span class='ocrx_word' id='word_1_119' title='bbox 755 2227 978 2274; x_wconf 80' lang='lat' dir='ltr'><strong>amore</strong></span> <span class='ocrx_word' id='word_1_120' title='bbox 1015 2199 1158 2298; x_wconf 87' lang='lat' dir='ltr'><strong>ejus</strong></span> <span class='ocrx_word' id='word_1_121' title='bbox 1186 2216 1411 2305; x_wconf 82' lang='lat' dir='ltr'><strong>capta,</strong></span> <span class='ocrx_word' id='word_1_122' title='bbox 1447 2199 1732 2300; x_wconf 84' lang='lat' dir='ltr'><strong>patriam</strong></span> <span class='ocrx_word' id='word_1_123' title='bbox 1755 2227 1907 2273; x_wconf 89' lang='lat' dir='ltr'><strong>cum</strong></span> <span class='ocrx_word' id='word_1_124' title='bbox 1934 2201 2115 2274; x_wconf 87' lang='lat' dir='ltr'><strong>crine</strong></span> <span class='ocrx_word' id='word_1_125' title='bbox 2141 2199 2298 2276; x_wconf 79' lang='lat' dir='ltr'><strong>Nisi</strong></span> <span class='ocrx_word' id='word_1_126' title='bbox 2319 2200 2530 2300; x_wconf 87' lang='lat' dir='ltr'><strong>patris</strong></span> <span class='ocrx_word' id='word_1_127' title='bbox 2559 2227 2904 2300; x_wconf 87' lang='lat' dir='ltr'><strong>purpureo</strong></span> 
     </span>
     <span class='ocr_line' id='line_1_16' title="bbox 748 2315 2904 2418; baseline -0 -29"><span class='ocrx_word' id='word_1_128' title='bbox 748 2315 1011 2417; x_wconf 82' lang='lat' dir='ltr'><strong>prodit3</strong></span> <span class='ocrx_word' id='word_1_129' title='bbox 1043 2316 1161 2390; x_wconf 86' lang='lat' dir='ltr'><strong>sed</strong></span> <span class='ocrx_word' id='word_1_130' title='bbox 1179 2333 1399 2416; x_wconf 85' lang='lat' dir='ltr'><strong>spreta</strong></span> <span class='ocrx_word' id='word_1_131' title='bbox 1419 2315 1642 2390; x_wconf 87' lang='lat' dir='ltr'><strong>abillo</strong></span> <span class='ocrx_word' id='word_1_132' title='bbox 1670 2345 1878 2418; x_wconf 89' lang='lat' dir='ltr'><strong>quum</strong></span> <span class='ocrx_word' id='word_1_133' title='bbox 1901 2316 2213 2390; x_wconf 81' lang='lat' dir='ltr'><strong>abeuntis</strong></span> <span class='ocrx_word' id='word_1_134' title='bbox 2237 2315 2391 2390; x_wconf 85' lang='lat' dir='ltr'><strong>navi</strong></span> <span class='ocrx_word' id='word_1_135' title='bbox 2414 2315 2765 2389; x_wconf 83' lang='lat' dir='ltr'><strong>inhaereret</strong></span> <span class='ocrx_word' id='word_1_136' title='bbox 2782 2368 2802 2402; x_wconf 87' lang='lat'>‚</span> <span class='ocrx_word' id='word_1_137' title='bbox 2831 2315 2904 2388; x_wconf 92' lang='lat' dir='ltr'><strong>in</strong></span> 
     </span>
     <span class='ocr_line' id='line_1_17' title="bbox 758 2432 2904 2534; baseline -0 -27"><span class='ocrx_word' id='word_1_138' title='bbox 758 2434 910 2507; x_wconf 77' lang='lat' dir='ltr'><strong>cirin</strong></span> <span class='ocrx_word' id='word_1_139' title='bbox 949 2462 1131 2507; x_wconf 86' lang='lat' dir='ltr'><strong>avem</strong></span> <span class='ocrx_word' id='word_1_140' title='bbox 1148 2490 1167 2520; x_wconf 94' lang='lat'><strong>,</strong></span> <span class='ocrx_word' id='word_1_141' title='bbox 1206 2450 1396 2534; x_wconf 90' lang='lat' dir='ltr'><strong>pater</strong></span> <span class='ocrx_word' id='word_1_142' title='bbox 1429 2450 1650 2507; x_wconf 84' lang='lat' dir='ltr'><strong>autem</strong></span> <span class='ocrx_word' id='word_1_143' title='bbox 1684 2433 1758 2505; x_wconf 92' lang='lat' dir='ltr'><strong>in</strong></span> <span class='ocrx_word' id='word_1_144' title='bbox 1793 2432 2118 2507; x_wconf 62' lang='lat' dir='ltr'><strong>habitetur»</strong></span> <span class='ocrx_word' id='word_1_145' title='bbox 2159 2449 2522 2507; x_wconf 85' lang='lat' dir='ltr'><strong>mutantur.</strong></span> <span class='ocrx_word' id='word_1_146' title='bbox 2572 2434 2904 2507; x_wconf 77' lang='lat' dir='ltr'><strong>Reversus</strong></span> 
     </span>
     <span class='ocr_line' id='line_1_18' title="bbox 754 2547 2902 2650; baseline -0.001 -27"><span class='ocrx_word' id='word_1_147' title='bbox 754 2549 991 2623; x_wconf 86' lang='lat' dir='ltr'><strong>Minos</strong></span> <span class='ocrx_word' id='word_1_148' title='bbox 1021 2549 1094 2622; x_wconf 90' lang='lat' dir='ltr'><strong>in</strong></span> <span class='ocrx_word' id='word_1_149' title='bbox 1141 2550 1406 2625; x_wconf 81' lang='lat' dir='ltr'><strong>Cretam</strong></span> <span class='ocrx_word' id='word_1_150' title='bbox 1439 2549 1870 2623; x_wconf 68' lang='lat' dir='ltr'><strong>fflinotaumm</strong></span> <span class='ocrx_word' id='word_1_151' title='bbox 1896 2607 1916 2635; x_wconf 87' lang='lat'><strong>,</strong></span> <span class='ocrx_word' id='word_1_152' title='bbox 1970 2547 2418 2650; x_wconf 84' lang='lat' dir='ltr'><strong>opprobrium</strong></span> <span class='ocrx_word' id='word_1_153' title='bbox 2455 2548 2716 2644; x_wconf 82' lang='lat' dir='ltr'><strong>generis</strong></span> <span class='ocrx_word' id='word_1_154' title='bbox 2749 2549 2856 2621; x_wconf 87' lang='lat' dir='ltr'><strong>sui</strong></span> <span class='ocrx_word' id='word_1_155' title='bbox 2881 2604 2902 2635; x_wconf 86' lang='lat'><strong>,</strong></span> 
     </span>
     <span class='ocr_line' id='line_1_19' title="bbox 754 2662 2908 2766; baseline 0 -28"><span class='ocrx_word' id='word_1_156' title='bbox 754 2662 1142 2765; x_wconf 78' lang='lat' dir='ltr'><strong>labyrintho</strong></span> <span class='ocrx_word' id='word_1_157' title='bbox 1182 2663 1440 2740; x_wconf 82' lang='lat' dir='ltr'><strong>Daedali</strong></span> <span class='ocrx_word' id='word_1_158' title='bbox 1474 2682 1614 2739; x_wconf 82' lang='lat' dir='ltr'><strong>arte</strong></span> <span class='ocrx_word' id='word_1_159' title='bbox 1648 2666 1907 2766; x_wconf 86' lang='lat' dir='ltr'><strong>posito,</strong></span> <span class='ocrx_word' id='word_1_160' title='bbox 1943 2664 2233 2739; x_wconf 88' lang='lat' dir='ltr'><strong>includit</strong></span> <span class='ocrx_word' id='word_1_161' title='bbox 2256 2721 2274 2752; x_wconf 89' lang='lat'>‚</span> <span class='ocrx_word' id='word_1_162' title='bbox 2312 2683 2383 2741; x_wconf 86' lang='lat' dir='ltr'><strong>et</strong></span> <span class='ocrx_word' id='word_1_163' title='bbox 2409 2665 2656 2741; x_wconf 86' lang='lat' dir='ltr'><strong>Atticis</strong></span> <span class='ocrx_word' id='word_1_164' title='bbox 2679 2663 2908 2766; x_wconf 82' lang='lat' dir='ltr'><strong>pueris</strong></span> 
     </span>
     <span class='ocr_line' id='line_1_20' title="bbox 754 2782 2907 2884; baseline 0 -29"><span class='ocrx_word' id='word_1_165' title='bbox 754 2782 1006 2882; x_wconf 82' lang='lat' dir='ltr'><strong>pascit,</strong></span> <span class='ocrx_word' id='word_1_166' title='bbox 1045 2812 1081 2856; x_wconf 92' lang='lat' dir='ltr'><strong>e</strong></span> <span class='ocrx_word' id='word_1_167' title='bbox 1104 2782 1355 2883; x_wconf 86' lang='lat' dir='ltr'><strong>quibus</strong></span> <span class='ocrx_word' id='word_1_168' title='bbox 1385 2782 1663 2859; x_wconf 75' lang='lat' dir='ltr'><strong>Theseus</strong></span> <span class='ocrx_word' id='word_1_169' title='bbox 1681 2800 2058 2859; x_wconf 82' lang='lat' dir='ltr'><strong>monstrum</strong></span> <span class='ocrx_word' id='word_1_170' title='bbox 2079 2782 2414 2872; x_wconf 86' lang='lat' dir='ltr'><strong>interficit,</strong></span> <span class='ocrx_word' id='word_1_171' title='bbox 2433 2801 2633 2884; x_wconf 84' lang='lat' dir='ltr'><strong>atque</strong></span> <span class='ocrx_word' id='word_1_172' title='bbox 2656 2782 2907 2859; x_wconf 78' lang='lat' dir='ltr'><strong>An‘ad-</strong></span> 
     </span>
     <span class='ocr_line' id='line_1_21' title="bbox 752 2898 2905 3002; baseline -0 -27"><span class='ocrx_word' id='word_1_173' title='bbox 752 2927 866 2975; x_wconf 78' lang='lat' dir='ltr'><strong>uen</strong></span> <span class='ocrx_word' id='word_1_174' title='bbox 890 2959 908 2985; x_wconf 91' lang='lat'>‚</span> <span class='ocrx_word' id='word_1_175' title='bbox 946 2900 1138 2999; x_wconf 88' lang='lat' dir='ltr'><strong>cujus</strong></span> <span class='ocrx_word' id='word_1_176' title='bbox 1174 2929 1304 3001; x_wconf 88' lang='lat' dir='ltr'><strong>ope</strong></span> <span class='ocrx_word' id='word_1_177' title='bbox 1341 2929 1421 2974; x_wconf 83' lang='lat' dir='ltr'><strong>ex</strong></span> <span class='ocrx_word' id='word_1_178' title='bbox 1446 2898 1832 3002; x_wconf 83' lang='lat' dir='ltr'><strong>labyrintho</strong></span> <span class='ocrx_word' id='word_1_179' title='bbox 1859 2927 1928 2974; x_wconf 88' lang='lat' dir='ltr'><strong>se</strong></span> <span class='ocrx_word' id='word_1_180' title='bbox 1961 2899 2421 3000; x_wconf 82' lang='lat' dir='ltr'><strong>expediverat,</strong></span> <span class='ocrx_word' id='word_1_181' title='bbox 2459 2927 2683 2975; x_wconf 87' lang='lat' dir='ltr'><strong>secum</strong></span> <span class='ocrx_word' id='word_1_182' title='bbox 2711 2927 2747 2974; x_wconf 87' lang='lat' dir='ltr'><strong>e</strong></span> <span class='ocrx_word' id='word_1_183' title='bbox 2779 2928 2905 3000; x_wconf 84' lang='lat' dir='ltr'><strong>pa·</strong></span> 
     </span>
     <span class='ocr_line' id='line_1_22' title="bbox 754 3015 2905 3118; baseline 0.002 -29"><span class='ocrx_word' id='word_1_184' title='bbox 754 3017 883 3090; x_wconf 86' lang='lat' dir='ltr'><strong>tria</strong></span> <span class='ocrx_word' id='word_1_185' title='bbox 918 3017 1182 3091; x_wconf 87' lang='lat' dir='ltr'><strong>ductam</strong></span> <span class='ocrx_word' id='word_1_186' title='bbox 1216 3017 1289 3090; x_wconf 85' lang='lat' dir='ltr'><strong>in</strong></span> <span class='ocrx_word' id='word_1_187' title='bbox 1324 3018 1454 3091; x_wconf 90' lang='lat' dir='ltr'><strong>Dia</strong></span> <span class='ocrx_word' id='word_1_188' title='bbox 1488 3015 1710 3091; x_wconf 83' lang='lat' dir='ltr'><strong>insula</strong></span> <span class='ocrx_word' id='word_1_189' title='bbox 1743 3015 2094 3118; x_wconf 79' lang='lat' dir='ltr'><strong>relinquit,</strong></span> <span class='ocrx_word' id='word_1_190' title='bbox 2130 3018 2253 3092; x_wconf 83' lang='lat' dir='ltr'><strong>ubi</strong></span> <span class='ocrx_word' id='word_1_191' title='bbox 2281 3047 2425 3093; x_wconf 88' lang='lat' dir='ltr'><strong>eam</strong></span> <span class='ocrx_word' id='word_1_192' title='bbox 2455 3019 2758 3092; x_wconf 82' lang='lat' dir='ltr'><strong>Bacchus</strong></span> <span class='ocrx_word' id='word_1_193' title='bbox 2793 3045 2905 3093; x_wconf 83' lang='lat' dir='ltr'><strong>as·-</strong></span> 
     </span>
     <span class='ocr_line' id='line_1_23' title="bbox 754 3130 2902 3232; baseline 0.001 -27"><span class='ocrx_word' id='word_1_194' title='bbox 754 3130 998 3218; x_wconf 90' lang='lat' dir='ltr'><strong>sumit,</strong></span> <span class='ocrx_word' id='word_1_195' title='bbox 1031 3131 1305 3232; x_wconf 88' lang='lat' dir='ltr'><strong>ejusque</strong></span> <span class='ocrx_word' id='word_1_196' title='bbox 1333 3160 1616 3205; x_wconf 83' lang='lat' dir='ltr'><strong>coronam</strong></span> <span class='ocrx_word' id='word_1_197' title='bbox 1640 3132 1819 3206; x_wconf 87' lang='lat' dir='ltr'><strong>inter</strong></span> <span class='ocrx_word' id='word_1_198' title='bbox 1838 3132 2042 3206; x_wconf 79' lang='lat' dir='ltr'><strong>sidem</strong></span> <span class='ocrx_word' id='word_1_199' title='bbox 2065 3131 2370 3208; x_wconf 79' lang='lat' dir='ltr'><strong>collocat.</strong></span> <span class='ocrx_word' id='word_1_200' title='bbox 2400 3132 2721 3208; x_wconf 80' lang='lat' dir='ltr'><strong>Doedalus</strong></span> <span class='ocrx_word' id='word_1_201' title='bbox 2742 3161 2902 3208; x_wconf 84' lang='lat' dir='ltr'><strong>vero</strong></span> 
     </span>
     <span class='ocr_line' id='line_1_24' title="bbox 755 3246 2900 3350; baseline 0.003 -30"><span class='ocrx_word' id='word_1_202' title='bbox 755 3274 963 3348; x_wconf 89' lang='lat' dir='ltr'><strong>quum</strong></span> <span class='ocrx_word' id='word_1_203' title='bbox 1016 3276 1093 3322; x_wconf 83' lang='lat' dir='ltr'><strong>ex</strong></span> <span class='ocrx_word' id='word_1_204' title='bbox 1145 3246 1366 3321; x_wconf 88' lang='lat' dir='ltr'><strong>insula</strong></span> <span class='ocrx_word' id='word_1_205' title='bbox 1414 3246 1533 3321; x_wconf 88' lang='lat' dir='ltr'><strong>illa</strong></span> <span class='ocrx_word' id='word_1_206' title='bbox 1584 3247 1900 3343; x_wconf 81' lang='lat' dir='ltr'><strong>aufugere</strong></span> <span class='ocrx_word' id='word_1_207' title='bbox 1951 3278 2093 3324; x_wconf 90' lang='lat' dir='ltr'><strong>non</strong></span> <span class='ocrx_word' id='word_1_208' title='bbox 2129 3269 2397 3350; x_wconf 85' lang='lat' dir='ltr'><strong>posset,</strong></span> <span class='ocrx_word' id='word_1_209' title='bbox 2448 3250 2570 3325; x_wconf 82' lang='lat' dir='ltr'><strong>alis</strong></span> <span class='ocrx_word' id='word_1_210' title='bbox 2611 3252 2900 3326; x_wconf 85' lang='lat' dir='ltr'><strong>inventis</strong></span> 
     </span>
     <span class='ocr_line' id='line_1_25' title="bbox 752 3362 2895 3475; baseline 0.003 -31"><span class='ocrx_word' id='word_1_211' title='bbox 752 3362 1077 3459; x_wconf 75' lang='lat' dir='ltr'><strong>e‘volavit&#39;,</strong></span> <span class='ocrx_word' id='word_1_212' title='bbox 1114 3372 1230 3445; x_wconf 85' lang='lat' dir='ltr'><strong>sed</strong></span> <span class='ocrx_word' id='word_1_213' title='bbox 1277 3372 1504 3446; x_wconf 81' lang='lat' dir='ltr'><strong>Icarus</strong></span> <span class='ocrx_word' id='word_1_214' title='bbox 1546 3391 1708 3473; x_wconf 90' lang='lat' dir='ltr'><strong>post</strong></span> <span class='ocrx_word' id='word_1_215' title='bbox 1752 3392 2010 3475; x_wconf 88' lang='lat' dir='ltr'><strong>patrem</strong></span> <span class='ocrx_word' id='word_1_216' title='bbox 2060 3375 2291 3450; x_wconf 84' lang='lat' dir='ltr'><strong>volans</strong></span> <span class='ocrx_word' id='word_1_217' title='bbox 2344 3378 2729 3453; x_wconf 84' lang='lat' dir='ltr'><strong>submersus</strong></span> <span class='ocrx_word' id='word_1_218' title='bbox 2773 3395 2895 3453; x_wconf 86' lang='lat' dir='ltr'><strong>est.</strong></span> 
     </span>
     <span class='ocr_line' id='line_1_26' title="bbox 751 3486 2900 3593; baseline 0.004 -34"><span class='ocrx_word' id='word_1_219' title='bbox 751 3486 920 3583; x_wconf 88' lang='lat' dir='ltr'><strong>Ejus</strong></span> <span class='ocrx_word' id='word_1_220' title='bbox 973 3487 1316 3588; x_wconf 86' lang='lat' dir='ltr'><strong>exsequias</strong></span> <span class='ocrx_word' id='word_1_221' title='bbox 1373 3486 1820 3564; x_wconf 83' lang='lat' dir='ltr'><strong>celebrantem</strong></span> <span class='ocrx_word' id='word_1_222' title='bbox 1867 3490 2036 3563; x_wconf 82' lang='lat' dir='ltr'><strong>vidit</strong></span> <span class='ocrx_word' id='word_1_223' title='bbox 2092 3508 2347 3590; x_wconf 84' lang='lat' dir='ltr'><strong>patrem</strong></span> <span class='ocrx_word' id='word_1_224' title='bbox 2368 3546 2387 3578; x_wconf 94' lang='lat'>‚</span> <span class='ocrx_word' id='word_1_225' title='bbox 2447 3492 2900 3593; x_wconf 83' lang='lat' dir='ltr'><strong>gaudiumque</strong></span> 
     </span>
     <span class='ocr_line' id='line_1_27' title="bbox 756 3604 2900 3705; baseline 0.005 -31"><span class='ocrx_word' id='word_1_226' title='bbox 756 3618 996 3675; x_wconf 87' lang='lat' dir='ltr'><strong>testata</strong></span> <span class='ocrx_word' id='word_1_227' title='bbox 1017 3621 1118 3676; x_wconf 90' lang='lat' dir='ltr'><strong>est</strong></span> <span class='ocrx_word' id='word_1_228' title='bbox 1139 3604 1404 3705; x_wconf 69' lang='lat' dir='ltr'><strong>perdix,</strong></span> <span class='ocrx_word' id='word_1_229' title='bbox 1439 3634 1472 3678; x_wconf 93' lang='lat' dir='ltr'><strong>e</strong></span> <span class='ocrx_word' id='word_1_230' title='bbox 1500 3604 1761 3680; x_wconf 78' lang='lat' dir='ltr'><strong>Perdice</strong></span> <span class='ocrx_word' id='word_1_231' title='bbox 1787 3624 1903 3681; x_wconf 91' lang='lat' dir='ltr'><strong>aut</strong></span> <span class='ocrx_word' id='word_1_232' title='bbox 1919 3606 2120 3694; x_wconf 78' lang='lat' dir='ltr'><strong>Tale,</strong></span> <span class='ocrx_word' id='word_1_233' title='bbox 2158 3608 2510 3705; x_wconf 85' lang='lat' dir='ltr'><strong>ingenioso</strong></span> <span class='ocrx_word' id='word_1_234' title='bbox 2539 3606 2900 3685; x_wconf 79' lang='lat' dir='ltr'><strong>multarum</strong></span> 
     </span>
     <span class='ocr_line' id='line_1_28' title="bbox 751 3719 2898 3823; baseline 0.005 -31"><span class='ocrx_word' id='word_1_235' title='bbox 751 3746 974 3793; x_wconf 89' lang='lat' dir='ltr'><strong>rerum</strong></span> <span class='ocrx_word' id='word_1_236' title='bbox 1007 3719 1351 3795; x_wconf 87' lang='lat' dir='ltr'><strong>inventore</strong></span> <span class='ocrx_word' id='word_1_237' title='bbox 1373 3778 1392 3808; x_wconf 93' lang='lat'><strong>,</strong></span> <span class='ocrx_word' id='word_1_238' title='bbox 1446 3751 1644 3823; x_wconf 88' lang='lat' dir='ltr'><strong>quem</strong></span> <span class='ocrx_word' id='word_1_239' title='bbox 1691 3721 2004 3798; x_wconf 69' lang='lat' dir='ltr'><strong>Daedalus</strong></span> <span class='ocrx_word' id='word_1_240' title='bbox 2052 3723 2299 3800; x_wconf 85' lang='lat' dir='ltr'><strong>invidia</strong></span> <span class='ocrx_word' id='word_1_241' title='bbox 2343 3742 2569 3801; x_wconf 84' lang='lat' dir='ltr'><strong>motus</strong></span> <span class='ocrx_word' id='word_1_242' title='bbox 2621 3756 2698 3801; x_wconf 84' lang='lat' dir='ltr'><strong>ex</strong></span> <span class='ocrx_word' id='word_1_243' title='bbox 2750 3755 2898 3803; x_wconf 86' lang='lat' dir='ltr'><strong>arce</strong></span> 
     </span>
     <span class='ocr_line' id='line_1_29' title="bbox 753 3835 2895 3937; baseline 0.005 -29"><span class='ocrx_word' id='word_1_244' title='bbox 753 3835 1073 3908; x_wconf 85' lang='lat' dir='ltr'><strong>Minervae</strong></span> <span class='ocrx_word' id='word_1_245' title='bbox 1093 3837 1499 3937; x_wconf 63' lang='lat' dir='ltr'><strong>praecipitem</strong></span> <span class='ocrx_word' id='word_1_246' title='bbox 1517 3839 1805 3929; x_wconf 84' lang='lat' dir='ltr'><strong>miserat,</strong></span> <span class='ocrx_word' id='word_1_247' title='bbox 1827 3840 2310 3916; x_wconf 81' lang='lat' dir='ltr'><strong>transformata.</strong></span> <span class='ocrx_word' id='word_1_248' title='bbox 2323 3842 2599 3918; x_wconf 83' lang='lat' dir='ltr'><strong>Theseus</strong></span> <span class='ocrx_word' id='word_1_249' title='bbox 2623 3845 2895 3932; x_wconf 88' lang='lat' dir='ltr'><strong>interea,</strong></span> 
     </span>
     <span class='ocr_line' id='line_1_30' title="bbox 750 3946 2896 4066; baseline 0.005 -44"><span class='ocrx_word' id='word_1_250' title='bbox 750 3977 959 4048; x_wconf 90' lang='lat' dir='ltr'><strong>quum</strong></span> <span class='ocrx_word' id='word_1_251' title='bbox 992 3946 1461 4026; x_wconf 88' lang='lat' dir='ltr'><strong>celeberrimus</strong></span> <span class='ocrx_word' id='word_1_252' title='bbox 1489 3952 1626 4052; x_wconf 91' lang='lat' dir='ltr'><strong>jam</strong></span> <span class='ocrx_word' id='word_1_253' title='bbox 1653 3972 1827 4029; x_wconf 90' lang='lat' dir='ltr'><strong>esset</strong></span> <span class='ocrx_word' id='word_1_254' title='bbox 1847 4011 1866 4042; x_wconf 98' lang='lat'><strong>,</strong></span> <span class='ocrx_word' id='word_1_255' title='bbox 1907 3955 1992 4030; x_wconf 88' lang='lat' dir='ltr'><strong>ad</strong></span> <span class='ocrx_word' id='word_1_256' title='bbox 2022 3984 2238 4058; x_wconf 84' lang='lat' dir='ltr'><strong>aprum</strong></span> <span class='ocrx_word' id='word_1_257' title='bbox 2296 3957 2703 4066; x_wconf 73' lang='lat' dir='ltr'><strong>Calydonium</strong></span> <span class='ocrx_word' id='word_1_258' title='bbox 2759 3958 2896 4034; x_wconf 90' lang='lat' dir='ltr'><strong>tol-</strong></span> 
     </span>
     <span class='ocr_line' id='line_1_31' title="bbox 746 4063 2894 4175; baseline 0.007 -37"><span class='ocrx_word' id='word_1_259' title='bbox 746 4063 1021 4139; x_wconf 85' lang='lat' dir='ltr'><strong>lendum</strong></span> <span class='ocrx_word' id='word_1_260' title='bbox 1046 4086 1320 4143; x_wconf 87' lang='lat' dir='ltr'><strong>vocatus</strong></span> <span class='ocrx_word' id='word_1_261' title='bbox 1345 4086 1448 4144; x_wconf 88' lang='lat' dir='ltr'><strong>est</strong></span> <span class='ocrx_word' id='word_1_262' title='bbox 1465 4126 1483 4157; x_wconf 94' lang='lat'><strong>,</strong></span> <span class='ocrx_word' id='word_1_263' title='bbox 1515 4100 1713 4172; x_wconf 90' lang='lat' dir='ltr'><strong>quem</strong></span> <span class='ocrx_word' id='word_1_264' title='bbox 1744 4071 2066 4148; x_wconf 84' lang='lat' dir='ltr'><strong>Atalanta</strong></span> <span class='ocrx_word' id='word_1_265' title='bbox 2083 4076 2298 4175; x_wconf 87' lang='lat' dir='ltr'><strong>prima</strong></span> <span class='ocrx_word' id='word_1_266' title='bbox 2323 4074 2711 4175; x_wconf 79' lang='lat' dir='ltr'><strong>vulneravit.</strong></span> <span class='ocrx_word' id='word_1_267' title='bbox 2743 4078 2894 4152; x_wconf 86' lang='lat' dir='ltr'><strong>Me-</strong></span> 
     </span>
     <span class='ocr_line' id='line_1_32' title="bbox 745 4182 2900 4291; baseline 0.006 -35"><span class='ocrx_word' id='word_1_268' title='bbox 745 4182 951 4284; x_wconf 71' lang='lat' dir='ltr'><strong>leager</strong></span> <span class='ocrx_word' id='word_1_269' title='bbox 974 4203 1194 4291; x_wconf 81' lang='lat' dir='ltr'><strong>autem</strong></span> <span class='ocrx_word' id='word_1_270' title='bbox 1233 4187 1599 4277; x_wconf 85' lang='lat' dir='ltr'><strong>interfecit,</strong></span> <span class='ocrx_word' id='word_1_271' title='bbox 1649 4186 1839 4287; x_wconf 82' lang='lat' dir='ltr'><strong>cujus</strong></span> <span class='ocrx_word' id='word_1_272' title='bbox 1885 4208 2171 4266; x_wconf 87' lang='lat' dir='ltr'><strong>mortem</strong></span> <span class='ocrx_word' id='word_1_273' title='bbox 2207 4191 2592 4268; x_wconf 83' lang='lat' dir='ltr'><strong>acceleravit</strong></span> <span class='ocrx_word' id='word_1_274' title='bbox 2624 4192 2900 4269; x_wconf 69' lang='lat' dir='ltr'><strong>Althaea</strong></span> 
     </span>
     <span class='ocr_line' id='line_1_33' title="bbox 744 4303 2892 4407; baseline 0.005 -32"><span class='ocrx_word' id='word_1_275' title='bbox 744 4317 991 4389; x_wconf 86' lang='lat' dir='ltr'><strong>mater,</strong></span> <span class='ocrx_word' id='word_1_276' title='bbox 1030 4303 1389 4377; x_wconf 88' lang='lat' dir='ltr'><strong>combusto</strong></span> <span class='ocrx_word' id='word_1_277' title='bbox 1429 4306 1657 4407; x_wconf 90' lang='lat' dir='ltr'><strong>stipite</strong></span> <span class='ocrx_word' id='word_1_278' title='bbox 1691 4305 1896 4381; x_wconf 88' lang='lat' dir='ltr'><strong>fatali.</strong></span> <span class='ocrx_word' id='word_1_279' title='bbox 1952 4307 2251 4384; x_wconf 87' lang='lat' dir='ltr'><strong>Theseus</strong></span> <span class='ocrx_word' id='word_1_280' title='bbox 2278 4311 2512 4388; x_wconf 79' lang='lat' dir='ltr'><strong>exista</strong></span> <span class='ocrx_word' id='word_1_281' title='bbox 2539 4311 2892 4388; x_wconf 87' lang='lat' dir='ltr'><strong>venatione</strong></span> 
     </span>
    </p>
   </div>
  </div>
 </body>
</html>
