3217 5134
646 547 1691 624 METAMORPHOSEON
1738 560 1936 627 LIB.
1989 562 2079 630 V.

2280 564 2410 657 395

282 685 522 761 Dicere
549 715 690 763 non
725 689 1235 783 aderant,1iec‚
1274 723 1411 796 quo
1451 694 1875 798 loqueretur,
1907 701 2213 778 habebat.

266 803 485 898 Signa
521 822 738 880 tamen
773 809 1118 885 manifesta
1147 809 1369 902 dadin
1407 831 1768 917 notamque
1801 819 2100 919 parenti,

277 917 408 993 Illo
444 920 617 995 forte
649 919 799 999 loco
836 923 1170 1028 delapsam
1204 929 1466 1025 gurgite
1500 958 1690 1007 sacro
1709 987 1729 1020 ‚

280 1037 742 1139 Persephones
776 1071 1009 1119 zonam
1041 1045 1318 1123 summis
1353 1047 1704 1121 ostendit
1685 1076 1757 1122 m
1789 1048 2009 1125 undis.

2313 1076 2414 1146 47⁰

280 1153 505 1249 Quam
539 1155 736 1232 simul
773 1160 1081 1253 agnovit,
1120 1179 1436 1263 tanquam
1471 1180 1611 1247 tum
1646 1163 1932 1267 denique
1967 1185 2223 1269 raptam
2293 1190 2300 1196 ·

279 1267 566 1359 scisset,
598 1270 946 1349 inornatos
979 1272 1250 1351 laniavit
1287 1277 1460 1352 Diva
1487 1279 1806 1382 capillos·
1791 1338 1808 1369 ,

275 1389 369 1460 Et
401 1388 679 1489 repetita
707 1389 846 1467 suis
877 1392 1208 1493 percussit
1240 1411 1508 1494 pectora
1537 1394 1798 1498 palmis.

272 1502 413 1576 Nec
449 1504 575 1577 scit
608 1503 861 1596 adhuc,
896 1507 1017 1580 ubi
1054 1508 1183 1598 sit3
1222 1526 1430 1583 terras
1468 1527 1686 1585 tamen
1722 1510 2023 1613 increpat
2054 1538 2328 1611 omnes3

271 1616 706 1720 Ingratasque
741 1638 967 1711 vocat,
1004 1649 1127 1698 nec
1157 1621 1425 1720 frugum
1460 1651 1734 1699 munere
1766 1623 2002 1720 dignas
2028 1680 2048 1715 ,
2307 1648 2407 1720 475

269 1731 677 1810 Trinacriam
710 1754 864 1811 ante
894 1736 1055 1814 alias
1074 1794 1094 1827 ‚
1127 1738 1201 1813 in
1239 1768 1366 1842 qua
1403 1740 1682 1834 vestigia
1715 1739 1939 1815 damni

272 1848 603 1949 Repperit
632 1880 647 1923 ε
690 1879 851 1948 ergo
887 1849 1025 1925 illic
1060 1880 1228 1927 saeva
1258 1854 1581 1929 vertentia
1614 1853 1842 1949 glebas

266 1965 500 2059 Fregit
531 1984 745 2042 aratra
777 1996 1019 2055 manu3
1052 1968 1382 2069 parilique
1414 1970 1581 2043 irata
1613 1967 1893 2043 colonos

268 2080 759 2184 Ruricolasque
792 2083 1004 2159 hoves
1034 2082 1172 2158 leto
1205 2084 1386 2159 dedit
1413 2113 1429 2174 ;
1464 2112 1747 2185 arvaque
1775 2084 1974 2183 jussit

329 2277 444 2344 467.
463 2278 648 2331 De‘cere
667 2297 768 2331 non
784 2279 1011 2333 aderant.
1031 2279 1113 2334 Ne
1134 2279 1288 2351 inep-
1383 2277 1540 2345 dam,
1587 2277 1675 2331 cui
1705 2289 1922 2349 propter
1958 2277 2162 2332 divitias
2197 2278 2403 2334 Pluton

262 2364 330 2407 1ae
348 2352 648 2424 tautologia
657 2373 779 2411 reus
797 2355 865 2408 sit
885 2354 1129 2424 Ovidius,
1142 2356 1287 2411 Schi-

256 2430 473 2485 rachius
499 2434 689 2485 adsunt
708 2432 1085 2502 interpretatur
1099 2474 1115 2502 ,
1140 2434 1284 2504 adju·

257 2522 423 2578 vant,
452 2522 510 2565 ut
523 2512 746 2567 verbum
769 2513 1077 2571 translatum
1098 2514 1150 2569 h.
1166 2514 1197 2570 1.
1216 2515 1284 2570 sit

259 2611 288 2645 a
313 2592 550 2662 patronis
585 2612 891 2660 causarum,
916 2595 1007 2665 qui
1028 2595 1188 2653 verba
1211 2599 1282 2651 sa·

260 2672 409 2725 ciunt
433 2690 530 2740 pro
552 2672 671 2727 reis.
696 2674 818 2731 Non
846 2684 1026 2730 tamen
1050 2695 1181 2746 opus
1202 2687 1280 2733 est

258 2750 347 2803 illa
395 2749 844 2821 interpretatione.
892 2754 1121 2811 Sensus:
1167 2757 1282 2812 Nec

259 2826 399 2881 aliud
424 2828 839 2886 instrumentum
861 2832 1128 2901 babebat,
1173 2853 1279 2905 quo

260 2925 445 2961 vocem
468 2908 840 2964 emitteretu—
864 2914 978 2979 Quo
991 2916 1277 2981 loqueretur.

259 2986 478 3041 Frustra
505 2986 689 3042 Codex
712 2989 908 3058 Regius
931 2990 977 3043 B
1001 2990 1281 3060 habetque

254 3068 556 3132 loquentum·
571 3069 748 3146 layna
758 3067 1025 3121 subaudiri
1045 3087 1156 3122 non
1180 3087 1280 3139 po-

262 3151 396 3206 test;
424 3160 535 3194 non
571 3146 749 3211 Ιίεῃα
785 3143 983 3205 solum,
1010 3143 1102 3198 sed
1133 3155 1188 3199 et
1218 3164 1279 3201 os

260 3240 471 3292 qnoque
481 3221 683 3289 deerat3
700 3241 863 3293 quare
879 3223 1184 3292 vacuisque,
1195 3244 1278 3294 ge·

257 3302 405 3355 neris
412 3300 673 3367 seminini,
686 3319 797 3355 non
808 3311 979 3371 potest
990 3302 1164 3371 recipi.
1177 3305 1277 3359 Ed.

320 3381 437 3453 469.
464 3383 567 3435 Illo
573 3379 715 3449 forle
730 3385 844 3436 loco
867 3385 1127 3451 delapsam
1154 3403 1279 3451 μμ

250 3463 374 3527 elle.
396 3458 745 3515 Burmannus
773 3460 976 3530 legebat
1002 3479 1125 3519 cum
1154 3460 1275 3515 Ex-

254 3537 449 3608 cerptis
472 3537 897 3609 Langermanni,
921 3541 1021 3593 Illo
1023 3539 1272 3607 ferleda

252 3617 519 3682 delapsam
562 3618 617 3667 ris
654 3620 865 3684 gurgite.
897 3616 1076 3671 Nostri
1121 3616 1275 3689 Regii

253 3691 453 3747 babent
467 3692 903 3762 propositionem.
915 3696 1276 3762 —Persepbo-

250 3789 342 3825 nes
373 3789 591 3837 sonaim·
638 3790 666 3824 e
694 3791 829 3825 zona
856 3782 1069 3842 reperta
1107 3770 1273 3829 Ceres

249 3849 469 3916 didicit,
494 3850 566 3902 ibi
589 3850 858 3904 evanuisse
884 3850 1060 3905 filiam.
1086 3852 1272 3921 ltaque

249 3928 389 3983 sonti
412 3948 508 3998 per
544 3929 692 3998 signa
727 3929 965 3997 loquenti
1006 3929 1105 3984 hoc
1139 3931 1272 3985 indi-

247 4006 397 4061 cium
445 4006 709 4062 tribuitur.
752 4007 922 4061 Aliter
968 4006 1035 4061 de
1086 4006 1269 4080 Cyane

250 4081 534 4136 claudian.
558 4084 679 4150 111,
706 4088 819 4138 255.
840 4086 1073 4139 -Zoaea
1100 4085 1271 4141 soluta

248 4170 306 4213 et
327 4161 516 4214 amissa
534 4200 549 4227 ,
574 4161 846 4231 proprium
876 4160 1131 4216 indicium
1163 4162 1270 4215 vir-

248 4241 385 4311 gini-
406 4252 569 4310 raptae
591 4252 646 4295 et
666 4241 917 4297 delibata.
943 4242 1049 4296 Hic
1067 4243 1270 4313 legatur

250 4320 397 4390 quod
410 4320 570 4377 babet
584 4322 839 4378 Firmicus
857 4322 923 4381 de
933 4322 1127 4379 rustico
1140 4341 1268 4394 quo·

1381 2358 1481 2411 suit
1518 2374 1755 2425 nomen,
1793 2367 2006 2427 raptore
2039 2358 2402 2427 Proserpinae;

1381 2435 1471 2505 qui
1492 2474 1508 2501 ,
1551 2453 1622 2489 ne
1661 2433 2084 2504 prehenderetur
2125 2455 2153 2487 a
2192 2433 2404 2491 Cereris

1378 2529 1543 2565 manu
1594 2521 1798 2569 armata
1841 2511 2014 2581 ipsum
2056 2512 2398 2582 insequente,

1377 2591 1678 2645 vehiculum
1705 2592 1810 2665 egit
1833 2610 1931 2661 per
1962 2590 2201 2645 medium
2228 2591 2399 2646 lacum

1379 2672 1648 2743 Pergum,
1666 2672 1900 2741 inibique
1931 2672 2118 2742 periit,
2144 2691 2269 2729 cum
2291 2674 2401 2727 vir-

1378 2751 1499 2822 gine
1525 2752 1844 2807 submersus.
1869 2753 1969 2804 Ed.

1442 2830 1555 2900 473.
1577 2833 1795 2897 Repetit.
1823 2828 1991 2896 Vide,
2012 2828 2113 2895 lv,
2142 2829 2236 2900 733
2262 2848 2275 2882 :
2306 2832 2406 2884 Ter

1374 2914 1552 2977 quater
1566 2911 1738 2974 exegit
1753 2912 1964 2975 &petila
1974 2924 2072 2973 per
2085 2909 2181 2958 ilia
2189 2906 2399 2975 strtun.

1442 2985 1555 3055 476.
1600 2987 1858 3053 Vestem„
1891 3001 2079 3037 zonam
2112 2993 2170 3039 ut
2204 2982 2397 3053 modo,

1373 3080 1527 3115 versu
1554 3062 1654 3131 468
1670 3100 1687 3128 ,
1727 3062 1884 3130 δίζω
1919 3067 2087 3114 tamen
2123 3061 2399 3129 manifista

1374 3144 1536 3205 dedit,
1570 3142 1983 3203 ete—Damni,
2017 3139 2137 3194 filia
2160 3141 2394 3207 amissam

1374 3218 1483 3273 ΧΠ
1499 3259 1516 3287 ,
1542 3218 1601 3272 ιδ
1620 3256 1636 3286 ,
1661 3225 1867 3275 mitem
1884 3222 2069 3273 circum
2090 3238 2189 3273 sua
2209 3223 2399 3275 damna

1373 3303 1641 3361 solantem.
1665 3299 1791 3352 Jam
1812 3297 1957 3352 savit
1973 3298 2025 3350 in
2048 3309 2243 3355 terram
2262 3338 2278 3368 ,
2302 3310 2396 3367 ut,

1375 3378 1431 3435 ΙΙ
1446 3417 1462 3446 ,
1489 3378 1721 3437 Phoebus
1744 3378 1800 3433 in
1827 3397 1989 3448 equos
2008 3378 2202 3432 solares
2217 3417 2234 3444 ‚
2256 3389 2312 3432 et
2337 3389 2398 3432 ut

1372 3456 1458 3511 me
1496 3467 1700 3513 recusat
1727 3454 1894 3510 solem
1935 3454 2132 3509 diutius
2166 3455 2391 3523 vehere,

1366 3536 1445 3591 sic
1465 3554 1614 3589 nunc
1634 3546 1686 3589 et
1706 3534 1870 3588 Ceres
1890 3534 2100 3589 muneri
2117 3552 2213 3587 suo
2232 3533 2395 3591 deest.

1370 3613 1551 3671 Etiam
1576 3614 1633 3667 in
1657 3612 1860 3684 hymno
1887 3613 2051 3665 Hom.
2077 3613 2175 3666 305
2206 3631 2352 3682 seqq.
2374 3651 2391 3679 ,

1371 3692 1486 3761 ejus
1510 3702 1564 3746 et
1585 3689 1857 3744 moerentis
1872 3689 2034 3745 filiam
2050 3701 2106 3743 et
2127 3689 2393 3747 irascentis

1368 3770 1494 3825 Jovi
1512 3771 1664 3840 culpa
1679 3809 1695 3837 ,
1719 3779 1861 3825 terra
1874 3769 2043 3823 nullas
2057 3770 2161 3822 fert
2185 3770 2358 3840 fruges
2375 3811 2391 3838 ,

1368 3849 1714 3920 agricolarum
1731 3850 1877 3907 labor
1894 3849 2070 3903 irritus
2083 3859 2393 3919 (τείρει-ναι-

1369 3949 1471 4000 que
1511 3930 1690 3993 abest,
1723 3930 1850 3999 quin
1892 3948 2057 3999 genus
2093 3928 2390 3985 humanum

1367 4009 1505 4062 same
1532 4018 1725 4077 pereat.
1755 4007 1840 4061 Cs.
1872 4005 2095 4060 Diodor.
2113 4006 2216 4061 Sic.
2248 4007 2316 4074 V,
2344 4012 2390 4061 5.

1432 4089 1545 4157 478.
1573 4088 1831 4154 parilique
1857 4090 2006 4139 irata
2051 4086 2129 4141 Ut
2164 4085 2390 4156 fregerat

1367 4176 1565 4232 aratra,
1580 4166 1853 4232 sicpan'lcr
1863 4166 2125 4219 interfecit
2139 4166 2386 4236 agricolas

1366 4255 1423 4299 et
1436 4255 1614 4298 tauros
1633 4244 1874 4298 laborum
1893 4245 2098 4300 socios:
2127 4246 2181 4301 in
2206 4246 2386 4300 omnia

1364 4323 1606 4381 seviebat
1615 4322 1758 4395 gravi
1775 4323 1953 4379 surore
1971 4324 2180 4394 percita.
2200 4323 2384 4380 Codex
