<?xml version="1.0" encoding="UTF-8"?>
<!DOCTYPE html PUBLIC "-//W3C//DTD XHTML 1.0 Transitional//EN"
    "http://www.w3.org/TR/xhtml1/DTD/xhtml1-transitional.dtd">
<html xmlns="http://www.w3.org/1999/xhtml" xml:lang="en" lang="en">
 <head>
  <title>
</title>
<meta http-equiv="Content-Type" content="text/html;charset=utf-8" />
  <meta name='ocr-system' content='tesseract 3.04.00' />
  <meta name='ocr-capabilities' content='ocr_page ocr_carea ocr_par ocr_line ocrx_word'/>
</head>
<body>
  <div class='ocr_page' id='page_1' title='image "./publiusovidiusn01giergoog_0429.png"; bbox 0 0 3217 5134; ppageno 0'>
   <div class='ocr_carea' id='block_1_1' title="bbox 1038 4 1729 7">
    <p class='ocr_par' dir='ltr' id='par_1_1' title="bbox 1038 4 1729 7">
     <span class='ocr_line' id='line_1_1' title="bbox 1038 4 1729 7; baseline 0 0"><span class='ocrx_word' id='word_1_1' title='bbox 1038 4 1729 7; x_wconf 95' lang='lat' dir='ltr'><strong> </strong></span> 
     </span>
    </p>
   </div>
   <div class='ocr_carea' id='block_1_2' title="bbox 297 566 2133 809">
    <p class='ocr_par' dir='ltr' id='par_1_2' title="bbox 297 566 2133 809">
     <span class='ocr_line' id='line_1_2' title="bbox 666 566 2076 639; baseline 0.001 -3"><span class='ocrx_word' id='word_1_2' title='bbox 666 566 1695 637; x_wconf 85' lang='lat' dir='ltr'><strong>METAMORPHOSEON</strong></span> <span class='ocrx_word' id='word_1_3' title='bbox 1740 569 1934 637; x_wconf 87' lang='lat' dir='ltr'><strong>LIB.</strong></span> <span class='ocrx_word' id='word_1_4' title='bbox 1987 570 2076 639; x_wconf 86' lang='lat' dir='ltr'><strong>V.</strong></span> 
     </span>
     <span class='ocr_line' id='line_1_3' title="bbox 297 706 2133 809; baseline -0.001 -25"><span class='ocrx_word' id='word_1_5' title='bbox 297 708 575 804; x_wconf 77' lang='lat' dir='ltr'>Frigora</span> <span class='ocrx_word' id='word_1_6' title='bbox 610 706 773 783; x_wconf 89' lang='lat' dir='ltr'><strong>dant</strong></span> <span class='ocrx_word' id='word_1_7' title='bbox 803 709 1006 796; x_wconf 89' lang='lat' dir='ltr'><strong>rami,</strong></span> <span class='ocrx_word' id='word_1_8' title='bbox 1039 706 1279 809; x_wconf 87' lang='lat' dir='ltr'><strong>Tyrios</strong></span> <span class='ocrx_word' id='word_1_9' title='bbox 1312 707 1558 783; x_wconf 87' lang='lat' dir='ltr'><strong>humus</strong></span> <span class='ocrx_word' id='word_1_10' title='bbox 1592 708 1867 783; x_wconf 86' lang='lat' dir='ltr'><strong>humida</strong></span> <span class='ocrx_word' id='word_1_11' title='bbox 1899 708 2092 784; x_wconf 85' lang='lat' dir='ltr'><strong>flores</strong></span> <span class='ocrx_word' id='word_1_12' title='bbox 2116 764 2133 798; x_wconf 92' lang='lat'>,</span> 
     </span>
    </p>
   </div>
   <div class='ocr_carea' id='block_1_3' title="bbox 2297 567 2433 663">
    <p class='ocr_par' dir='ltr' id='par_1_3' title="bbox 2297 567 2433 663">
     <span class='ocr_line' id='line_1_4' title="bbox 2297 567 2433 663; baseline 0 -25"><span class='ocrx_word' id='word_1_13' title='bbox 2297 567 2433 663; x_wconf 81' lang='lat'><strong>389</strong></span> 
     </span>
    </p>
   </div>
   <div class='ocr_carea' id='block_1_4' title="bbox 2331 734 2431 802">
    <p class='ocr_par' dir='ltr' id='par_1_4' title="bbox 2331 734 2431 802">
     <span class='ocr_line' id='line_1_5' title="bbox 2331 734 2431 802; baseline -0.03 -18"><span class='ocrx_word' id='word_1_14' title='bbox 2331 734 2431 802; x_wconf 79' lang='lat'><strong>390</strong></span> 
     </span>
    </p>
   </div>
   <div class='ocr_carea' id='block_1_5' title="bbox 297 824 2035 1277">
    <p class='ocr_par' dir='ltr' id='par_1_5' title="bbox 297 824 2035 1277">
     <span class='ocr_line' id='line_1_6' title="bbox 298 824 2015 928; baseline 0.001 -29"><span class='ocrx_word' id='word_1_15' title='bbox 298 824 706 926; x_wconf 87' lang='lat' dir='ltr'><strong>Perpetuum</strong></span> <span class='ocrx_word' id='word_1_16' title='bbox 745 852 857 899; x_wconf 85' lang='lat' dir='ltr'><strong>ver</strong></span> <span class='ocrx_word' id='word_1_17' title='bbox 890 842 991 899; x_wconf 86' lang='lat' dir='ltr'><strong>est</strong></span> <span class='ocrx_word' id='word_1_18' title='bbox 1021 854 1038 899; x_wconf 87' lang='lat'><strong>.·.</strong></span> <span class='ocrx_word' id='word_1_19' title='bbox 1068 852 1204 926; x_wconf 91' lang='lat' dir='ltr'><strong>quo</strong></span> <span class='ocrx_word' id='word_1_20' title='bbox 1239 825 1397 900; x_wconf 90' lang='lat' dir='ltr'><strong>dum</strong></span> <span class='ocrx_word' id='word_1_21' title='bbox 1430 826 1828 928; x_wconf 79' lang='lat' dir='ltr'>Proserpina</span> <span class='ocrx_word' id='word_1_22' title='bbox 1863 824 2015 901; x_wconf 91' lang='lat' dir='ltr'><strong>luco</strong></span> 
     </span>
     <span class='ocr_line' id='line_1_7' title="bbox 298 941 1987 1043; baseline -0.002 -26"><span class='ocrx_word' id='word_1_23' title='bbox 298 942 542 1030; x_wconf 83' lang='lat' dir='ltr'>Ludit,</span> <span class='ocrx_word' id='word_1_24' title='bbox 579 961 648 1016; x_wconf 86' lang='lat' dir='ltr'><strong>et</strong></span> <span class='ocrx_word' id='word_1_25' title='bbox 680 959 796 1017; x_wconf 87' lang='lat' dir='ltr'><strong>aut</strong></span> <span class='ocrx_word' id='word_1_26' title='bbox 825 941 1031 1017; x_wconf 82' lang='lat' dir='ltr'><strong>violas</strong></span> <span class='ocrx_word' id='word_1_27' title='bbox 1052 998 1072 1031; x_wconf 93' lang='lat'><strong>‚</strong></span> <span class='ocrx_word' id='word_1_28' title='bbox 1107 959 1221 1016; x_wconf 85' lang='lat' dir='ltr'><strong>ant</strong></span> <span class='ocrx_word' id='word_1_29' title='bbox 1254 942 1529 1018; x_wconf 83' lang='lat' dir='ltr'><strong>candida</strong></span> <span class='ocrx_word' id='word_1_30' title='bbox 1560 941 1698 1016; x_wconf 90' lang='lat' dir='ltr'><strong>lilia</strong></span> <span class='ocrx_word' id='word_1_31' title='bbox 1734 942 1987 1043; x_wconf 88' lang='lat' dir='ltr'><strong>carpit;</strong></span> 
     </span>
     <span class='ocr_line' id='line_1_8' title="bbox 297 1055 2035 1161; baseline -0.001 -28"><span class='ocrx_word' id='word_1_32' title='bbox 297 1059 613 1161; x_wconf 85' lang='lat' dir='ltr'>Dumque</span> <span class='ocrx_word' id='word_1_33' title='bbox 642 1057 922 1161; x_wconf 82' lang='lat' dir='ltr'><strong>puellari</strong></span> <span class='ocrx_word' id='word_1_34' title='bbox 956 1057 1180 1133; x_wconf 83' lang='lat' dir='ltr'><strong>studio</strong></span> <span class='ocrx_word' id='word_1_35' title='bbox 1218 1057 1649 1160; x_wconf 76' lang='lat' dir='ltr'><strong>calathosque</strong></span> <span class='ocrx_word' id='word_1_36' title='bbox 1684 1055 2035 1159; x_wconf 88' lang='lat' dir='ltr'><strong>sinumque</strong></span> 
     </span>
     <span class='ocr_line' id='line_1_9' title="bbox 298 1171 1930 1277; baseline -0.002 -28"><span class='ocrx_word' id='word_1_37' title='bbox 298 1172 545 1277; x_wconf 86' lang='lat' dir='ltr'><strong>Implet</strong></span> <span class='ocrx_word' id='word_1_38' title='bbox 563 1231 584 1264; x_wconf 92' lang='lat'><strong>‚</strong></span> <span class='ocrx_word' id='word_1_39' title='bbox 619 1191 687 1248; x_wconf 88' lang='lat' dir='ltr'><strong>et</strong></span> <span class='ocrx_word' id='word_1_40' title='bbox 721 1172 1003 1277; x_wconf 72' lang='lat' dir='ltr'><strong>aequales</strong></span> <span class='ocrx_word' id='word_1_41' title='bbox 1037 1189 1244 1248; x_wconf 87' lang='lat' dir='ltr'><strong>certat</strong></span> <span class='ocrx_word' id='word_1_42' title='bbox 1276 1201 1583 1275; x_wconf 84' lang='lat' dir='ltr'><strong>superare</strong></span> <span class='ocrx_word' id='word_1_43' title='bbox 1610 1171 1930 1270; x_wconf 79' lang='lat' dir='ltr'><strong>legend03</strong></span> 
     </span>
    </p>
   </div>
   <div class='ocr_carea' id='block_1_6' title="bbox 300 1289 2093 1393">
    <p class='ocr_par' dir='ltr' id='par_1_6' title="bbox 300 1289 2093 1393">
     <span class='ocr_line' id='line_1_10' title="bbox 300 1289 2093 1393; baseline 0 -28"><span class='ocrx_word' id='word_1_44' title='bbox 300 1290 496 1366; x_wconf 84' lang='lat' dir='ltr'><strong>Paene</strong></span> <span class='ocrx_word' id='word_1_45' title='bbox 526 1289 729 1365; x_wconf 87' lang='lat' dir='ltr'><strong>simul</strong></span> <span class='ocrx_word' id='word_1_46' title='bbox 757 1290 897 1366; x_wconf 83' lang='lat' dir='ltr'><strong>visa</strong></span> <span class='ocrx_word' id='word_1_47' title='bbox 932 1308 1070 1379; x_wconf 86' lang='lat' dir='ltr'><strong>est,</strong></span> <span class='ocrx_word' id='word_1_48' title='bbox 1112 1289 1513 1392; x_wconf 83' lang='lat' dir='ltr'><strong>dilectaque,</strong></span> <span class='ocrx_word' id='word_1_49' title='bbox 1547 1307 1866 1393; x_wconf 87' lang='lat' dir='ltr'><strong>raptaque</strong></span> <span class='ocrx_word' id='word_1_50' title='bbox 1900 1289 2046 1363; x_wconf 89' lang='lat' dir='ltr'><strong>Diti</strong></span> <span class='ocrx_word' id='word_1_51' title='bbox 2074 1321 2093 1365; x_wconf 74' lang='lat' dir='ltr'><em>z</em></span> 
     </span>
    </p>
   </div>
   <div class='ocr_carea' id='block_1_7' title="bbox 2336 1310 2436 1383">
    <p class='ocr_par' dir='ltr' id='par_1_7' title="bbox 2336 1310 2436 1383">
     <span class='ocr_line' id='line_1_11' title="bbox 2336 1310 2436 1383; baseline 0 0"><span class='ocrx_word' id='word_1_52' title='bbox 2336 1310 2436 1383; x_wconf 78' lang='lat'><strong>39⁵</strong></span> 
     </span>
    </p>
   </div>
   <div class='ocr_carea' id='block_1_8' title="bbox 299 1404 2130 1830">
    <p class='ocr_par' dir='ltr' id='par_1_8' title="bbox 299 1404 2130 1830">
     <span class='ocr_line' id='line_1_12' title="bbox 299 1404 2130 1509; baseline 0.001 -30"><span class='ocrx_word' id='word_1_53' title='bbox 299 1407 536 1507; x_wconf 81' lang='lat' dir='ltr'><strong>Usque</strong></span> <span class='ocrx_word' id='word_1_54' title='bbox 567 1406 730 1480; x_wconf 86' lang='lat' dir='ltr'><strong>adeo</strong></span> <span class='ocrx_word' id='word_1_55' title='bbox 765 1423 1165 1509; x_wconf 88' lang='lat' dir='ltr'><strong>properatur</strong></span> <span class='ocrx_word' id='word_1_56' title='bbox 1193 1407 1416 1480; x_wconf 83' lang='lat' dir='ltr'><strong>amor!</strong></span> <span class='ocrx_word' id='word_1_57' title='bbox 1455 1406 1598 1479; x_wconf 86' lang='lat' dir='ltr'><strong>Dea</strong></span> <span class='ocrx_word' id='word_1_58' title='bbox 1633 1404 1861 1479; x_wconf 87' lang='lat' dir='ltr'><strong>territa</strong></span> <span class='ocrx_word' id='word_1_59' title='bbox 1894 1423 2130 1480; x_wconf 85' lang='lat' dir='ltr'><strong>moesto</strong></span> 
     </span>
     <span class='ocr_line' id='line_1_13' title="bbox 299 1520 2113 1623; baseline 0.001 -27"><span class='ocrx_word' id='word_1_60' title='bbox 299 1522 397 1596; x_wconf 82' lang='lat' dir='ltr'><strong>Et</strong></span> <span class='ocrx_word' id='word_1_61' title='bbox 429 1539 744 1611; x_wconf 85' lang='lat' dir='ltr'><strong>matrem,</strong></span> <span class='ocrx_word' id='word_1_62' title='bbox 782 1539 849 1596; x_wconf 91' lang='lat' dir='ltr'><strong>et</strong></span> <span class='ocrx_word' id='word_1_63' title='bbox 881 1523 1153 1596; x_wconf 84' lang='lat' dir='ltr'><strong>comites</strong></span> <span class='ocrx_word' id='word_1_64' title='bbox 1174 1579 1193 1612; x_wconf 87' lang='lat'>,</span> <span class='ocrx_word' id='word_1_65' title='bbox 1229 1520 1345 1596; x_wconf 86' lang='lat' dir='ltr'><strong>sed</strong></span> <span class='ocrx_word' id='word_1_66' title='bbox 1374 1538 1649 1596; x_wconf 85' lang='lat' dir='ltr'><strong>matrem</strong></span> <span class='ocrx_word' id='word_1_67' title='bbox 1685 1521 1964 1623; x_wconf 76' lang='lat' dir='ltr'><strong>saepius,</strong></span> <span class='ocrx_word' id='word_1_68' title='bbox 2003 1551 2113 1598; x_wconf 91' lang='lat' dir='ltr'><strong>ore</strong></span> 
     </span>
     <span class='ocr_line' id='line_1_14' title="bbox 303 1635 2051 1727; baseline -0.001 -14"><span class='ocrx_word' id='word_1_69' title='bbox 303 1635 600 1726; x_wconf 79' lang='lat' dir='ltr'><strong>Clamat3</strong></span> <span class='ocrx_word' id='word_1_70' title='bbox 641 1656 746 1727; x_wconf 92' lang='lat' dir='ltr'><strong>et,</strong></span> <span class='ocrx_word' id='word_1_71' title='bbox 788 1654 864 1711; x_wconf 87' lang='lat' dir='ltr'><strong>ut</strong></span> <span class='ocrx_word' id='word_1_72' title='bbox 899 1667 1154 1714; x_wconf 87' lang='lat' dir='ltr'><strong>summa</strong></span> <span class='ocrx_word' id='word_1_73' title='bbox 1184 1667 1298 1714; x_wconf 82' lang='lat' dir='ltr'><strong>ves</strong></span> <span class='ocrx_word' id='word_1_74' title='bbox 1364 1665 1433 1711; x_wconf 91' lang='lat' dir='ltr'><strong>m</strong></span> <span class='ocrx_word' id='word_1_75' title='bbox 1463 1635 1742 1712; x_wconf 84' lang='lat' dir='ltr'><strong>laniarat</strong></span> <span class='ocrx_word' id='word_1_76' title='bbox 1773 1637 1858 1712; x_wconf 87' lang='lat' dir='ltr'><strong>ab</strong></span> <span class='ocrx_word' id='word_1_77' title='bbox 1897 1666 2051 1725; x_wconf 86' lang='lat' dir='ltr'><strong>ora,</strong></span> 
     </span>
     <span class='ocr_line' id='line_1_15' title="bbox 309 1752 1795 1830; baseline -0.003 -1"><span class='ocrx_word' id='word_1_78' title='bbox 309 1752 597 1829; x_wconf 78' lang='lat' dir='ltr'><strong>Collecti</strong></span> <span class='ocrx_word' id='word_1_79' title='bbox 630 1753 826 1829; x_wconf 85' lang='lat' dir='ltr'><strong>flores</strong></span> <span class='ocrx_word' id='word_1_80' title='bbox 859 1755 1102 1830; x_wconf 86' lang='lat' dir='ltr'><strong>tunicis</strong></span> <span class='ocrx_word' id='word_1_81' title='bbox 1136 1753 1271 1829; x_wconf 91' lang='lat' dir='ltr'><strong>ceci</strong></span> <span class='ocrx_word' id='word_1_82' title='bbox 1319 1782 1425 1828; x_wconf 91' lang='lat' dir='ltr'><strong>ere</strong></span> <span class='ocrx_word' id='word_1_83' title='bbox 1455 1752 1749 1827; x_wconf 81' lang='lat' dir='ltr'><strong>remissis</strong></span> <span class='ocrx_word' id='word_1_84' title='bbox 1778 1782 1795 1825; x_wconf 76' lang='lat' dir='ltr'><em>z</em></span> 
     </span>
    </p>
   </div>
   <div class='ocr_carea' id='block_1_9' title="bbox 302 1866 1993 1972">
    <p class='ocr_par' dir='ltr' id='par_1_9' title="bbox 302 1866 1993 1972">
     <span class='ocr_line' id='line_1_16' title="bbox 302 1866 1993 1972; baseline -0.002 -26"><span class='ocrx_word' id='word_1_85' title='bbox 302 1870 653 1971; x_wconf 77' lang='lat' dir='ltr'><strong>Tantaque</strong></span> <span class='ocrx_word' id='word_1_86' title='bbox 686 1869 1076 1972; x_wconf 78' lang='lat' dir='ltr'><strong>simplicitas</strong></span> <span class='ocrx_word' id='word_1_87' title='bbox 1107 1866 1480 1970; x_wconf 88' lang='lat' dir='ltr'><strong>puerilibus</strong></span> <span class='ocrx_word' id='word_1_88' title='bbox 1512 1866 1728 1940; x_wconf 83' lang='lat' dir='ltr'><strong>adfuit</strong></span> <span class='ocrx_word' id='word_1_89' title='bbox 1758 1868 1993 1957; x_wconf 85' lang='lat' dir='ltr'><strong>annis;</strong></span> 
     </span>
    </p>
   </div>
   <div class='ocr_carea' id='block_1_10' title="bbox 300 2073 1337 4422">
    <p class='ocr_par' dir='ltr' id='par_1_10' title="bbox 300 2073 1337 4422">
     <span class='ocr_line' id='line_1_17' title="bbox 302 2073 1325 2147; baseline -0.005 -15"><span class='ocrx_word' id='word_1_90' title='bbox 302 2077 474 2132; x_wconf 82' lang='lat' dir='ltr'><strong>nostri</strong></span> <span class='ocrx_word' id='word_1_91' title='bbox 500 2077 688 2147; x_wconf 77' lang='lat' dir='ltr'><strong>Regii,</strong></span> <span class='ocrx_word' id='word_1_92' title='bbox 714 2075 806 2131; x_wconf 89' lang='lat' dir='ltr'><strong>sed</strong></span> <span class='ocrx_word' id='word_1_93' title='bbox 838 2075 1065 2129; x_wconf 81' lang='lat' dir='ltr'><strong>Heinsio</strong></span> <span class='ocrx_word' id='word_1_94' title='bbox 1090 2084 1144 2128; x_wconf 88' lang='lat' dir='ltr'><strong>et</strong></span> <span class='ocrx_word' id='word_1_95' title='bbox 1167 2073 1325 2128; x_wconf 85' lang='lat' dir='ltr'><strong>docto</strong></span> 
     </span>
     <span class='ocr_line' id='line_1_18' title="bbox 310 2150 1326 2223; baseline -0.004 -15"><span class='ocrx_word' id='word_1_96' title='bbox 310 2154 512 2223; x_wconf 78' lang='lat' dir='ltr'><strong>Gierig.</strong></span> <span class='ocrx_word' id='word_1_97' title='bbox 531 2153 814 2207; x_wconf 84' lang='lat' dir='ltr'><strong>adsentior.</strong></span> <span class='ocrx_word' id='word_1_98' title='bbox 834 2155 937 2206; x_wconf 73' lang='lat' dir='ltr'><strong>Ed.</strong></span> <span class='ocrx_word' id='word_1_99' title='bbox 961 2180 1031 2193; x_wconf 96' lang='lat'>—</span> <span class='ocrx_word' id='word_1_100' title='bbox 1050 2155 1191 2206; x_wconf 72' lang='lat' dir='ltr'><strong>Ietas</strong></span> <span class='ocrx_word' id='word_1_101' title='bbox 1213 2150 1326 2206; x_wconf 86' lang='lat' dir='ltr'><strong>Soli</strong></span> 
     </span>
     <span class='ocr_line' id='line_1_19' title="bbox 300 2228 1326 2302; baseline -0.004 -16"><span class='ocrx_word' id='word_1_102' title='bbox 300 2234 615 2302; x_wconf 74' lang='lat' dir='ltr'><strong>frequenter</strong></span> <span class='ocrx_word' id='word_1_103' title='bbox 644 2230 983 2294; x_wconf 65' lang='lat' dir='ltr'><strong>tribunatum</strong></span> <span class='ocrx_word' id='word_1_104' title='bbox 1021 2228 1152 2283; x_wconf 81' lang='lat' dir='ltr'><strong>radii</strong></span> <span class='ocrx_word' id='word_1_105' title='bbox 1178 2228 1326 2283; x_wconf 87' lang='lat' dir='ltr'><strong>enim</strong></span> 
     </span>
     <span class='ocr_line' id='line_1_20' title="bbox 303 2309 1330 2383; baseline -0.006 -16"><span class='ocrx_word' id='word_1_106' title='bbox 303 2314 423 2383; x_wconf 80' lang='lat' dir='ltr'><strong>ejus</strong></span> <span class='ocrx_word' id='word_1_107' title='bbox 435 2322 561 2366; x_wconf 83' lang='lat' dir='ltr'><strong>sunt</strong></span> <span class='ocrx_word' id='word_1_108' title='bbox 576 2310 737 2364; x_wconf 82' lang='lat' dir='ltr'><strong>veluti</strong></span> <span class='ocrx_word' id='word_1_109' title='bbox 757 2309 878 2378; x_wconf 88' lang='lat' dir='ltr'><strong>tela,</strong></span> <span class='ocrx_word' id='word_1_110' title='bbox 894 2328 1012 2380; x_wconf 64' lang='lat' dir='ltr'><strong>qun</strong></span> <span class='ocrx_word' id='word_1_111' title='bbox 1028 2309 1330 2380; x_wconf 87' lang='lat' dir='ltr'><strong>percutiunt</strong></span> 
     </span>
     <span class='ocr_line' id='line_1_21' title="bbox 303 2388 1325 2461; baseline -0.007 -13"><span class='ocrx_word' id='word_1_112' title='bbox 303 2405 360 2448; x_wconf 86' lang='lat' dir='ltr'><strong>et</strong></span> <span class='ocrx_word' id='word_1_113' title='bbox 378 2391 662 2446; x_wconf 78' lang='lat' dir='ltr'><strong>verberant</strong></span> <span class='ocrx_word' id='word_1_114' title='bbox 673 2409 909 2461; x_wconf 82' lang='lat' dir='ltr'><strong>corpora.</strong></span> <span class='ocrx_word' id='word_1_115' title='bbox 926 2391 1117 2444; x_wconf 86' lang='lat' dir='ltr'><strong>Horat.</strong></span> <span class='ocrx_word' id='word_1_116' title='bbox 1134 2388 1188 2443; x_wconf 90' lang='grc' dir='ltr'>Π</span> <span class='ocrx_word' id='word_1_117' title='bbox 1201 2428 1217 2456; x_wconf 87' lang='grc'><strong><em>,</em></strong></span> <span class='ocrx_word' id='word_1_118' title='bbox 1234 2404 1325 2453; x_wconf 79' lang='lat' dir='ltr'><strong>xv,</strong></span> 
     </span>
     <span class='ocr_line' id='line_1_22' title="bbox 301 2467 1335 2544; baseline -0.005 -21"><span class='ocrx_word' id='word_1_119' title='bbox 301 2491 338 2544; x_wconf 80' lang='lat'>9</span> <span class='ocrx_word' id='word_1_120' title='bbox 354 2509 370 2536; x_wconf 85' lang='lat'><strong>,</strong></span> <span class='ocrx_word' id='word_1_121' title='bbox 411 2474 568 2523; x_wconf 77' lang='lat' dir='ltr'><strong>ramis</strong></span> <span class='ocrx_word' id='word_1_122' title='bbox 608 2472 785 2521; x_wconf 71' lang='lat' dir='ltr'><strong>launa</strong></span> <span class='ocrx_word' id='word_1_123' title='bbox 804 2467 1037 2537; x_wconf 58' lang='lat' dir='ltr'><strong>fervidos</strong></span> <span class='ocrx_word' id='word_1_124' title='bbox 1080 2469 1335 2520; x_wconf 67' lang='lat' dir='ltr'><strong>Excludil</strong></span> 
     </span>
     <span class='ocr_line' id='line_1_23' title="bbox 302 2546 1329 2620; baseline -0.003 -18"><span class='ocrx_word' id='word_1_125' title='bbox 302 2555 453 2603; x_wconf 60' lang='lat' dir='ltr'><strong>datm.</strong></span> <span class='ocrx_word' id='word_1_126' title='bbox 475 2576 545 2589; x_wconf 96' lang='lat'><strong>—</strong></span> <span class='ocrx_word' id='word_1_127' title='bbox 571 2550 752 2620; x_wconf 70' lang='lat' dir='ltr'><strong>Tyrios</strong></span> <span class='ocrx_word' id='word_1_128' title='bbox 768 2588 781 2610; x_wconf 89' lang='lat'><strong>,</strong></span> <span class='ocrx_word' id='word_1_129' title='bbox 807 2566 905 2619; x_wconf 90' lang='lat' dir='ltr'><strong>pro</strong></span> <span class='ocrx_word' id='word_1_130' title='bbox 927 2551 1101 2601; x_wconf 76' lang='lat' dir='ltr'><strong>varios</strong></span> <span class='ocrx_word' id='word_1_131' title='bbox 1117 2588 1131 2610; x_wconf 86' lang='grc'><em>,</em></span> <span class='ocrx_word' id='word_1_132' title='bbox 1160 2546 1329 2601; x_wconf 85' lang='lat' dir='ltr'><strong>Hein-</strong></span> 
     </span>
     <span class='ocr_line' id='line_1_24' title="bbox 302 2624 1327 2692; baseline -0.004 -10"><span class='ocrx_word' id='word_1_133' title='bbox 302 2629 411 2682; x_wconf 85' lang='lat' dir='ltr'><strong>sius</strong></span> <span class='ocrx_word' id='word_1_134' title='bbox 433 2648 497 2681; x_wconf 82' lang='lat' dir='ltr'><strong>ex</strong></span> <span class='ocrx_word' id='word_1_135' title='bbox 515 2626 826 2681; x_wconf 86' lang='lat' dir='ltr'><strong>Florentino</strong></span> <span class='ocrx_word' id='word_1_136' title='bbox 850 2625 905 2680; x_wconf 92' lang='lat' dir='ltr'><strong>S.</strong></span> <span class='ocrx_word' id='word_1_137' title='bbox 925 2625 1097 2681; x_wconf 78' lang='lat' dir='ltr'><strong>Marci</strong></span> <span class='ocrx_word' id='word_1_138' title='bbox 1116 2664 1133 2692; x_wconf 86' lang='lat'>,</span> <span class='ocrx_word' id='word_1_139' title='bbox 1174 2624 1327 2679; x_wconf 85' lang='lat' dir='ltr'><strong>Nea-</strong></span> 
     </span>
     <span class='ocr_line' id='line_1_25' title="bbox 304 2702 1325 2777; baseline -0.002 -18"><span class='ocrx_word' id='word_1_140' title='bbox 304 2707 537 2777; x_wconf 82' lang='lat' dir='ltr'><strong>politano</strong></span> <span class='ocrx_word' id='word_1_141' title='bbox 560 2716 617 2761; x_wconf 89' lang='lat' dir='ltr'><strong>et</strong></span> <span class='ocrx_word' id='word_1_142' title='bbox 634 2704 868 2761; x_wconf 79' lang='lat' dir='ltr'><strong>secundo</strong></span> <span class='ocrx_word' id='word_1_143' title='bbox 891 2703 1139 2759; x_wconf 86' lang='lat' dir='ltr'><strong>Mediceo</strong></span> <span class='ocrx_word' id='word_1_144' title='bbox 1163 2702 1325 2758; x_wconf 82' lang='lat' dir='ltr'><strong>dedit.</strong></span> 
     </span>
     <span class='ocr_line' id='line_1_26' title="bbox 313 2781 1329 2857; baseline -0.004 -19"><span class='ocrx_word' id='word_1_145' title='bbox 313 2786 496 2857; x_wconf 72' lang='lat' dir='ltr'><strong>Tyrios</strong></span> <span class='ocrx_word' id='word_1_146' title='bbox 507 2787 681 2853; x_wconf 65' lang='grc' dir='ltr'><strong>βακε.</strong></span> <span class='ocrx_word' id='word_1_147' title='bbox 712 2783 920 2838; x_wconf 88' lang='lat' dir='ltr'><strong>Eodem</strong></span> <span class='ocrx_word' id='word_1_148' title='bbox 947 2801 1105 2838; x_wconf 83' lang='lat' dir='ltr'><strong>sensu</strong></span> <span class='ocrx_word' id='word_1_149' title='bbox 1138 2781 1329 2836; x_wconf 85' lang='lat' dir='ltr'><strong>dicitur</strong></span> 
     </span>
     <span class='ocr_line' id='line_1_27' title="bbox 314 2860 1330 2933; baseline -0.002 -19"><span class='ocrx_word' id='word_1_150' title='bbox 314 2863 497 2933; x_wconf 71' lang='lat' dir='ltr'><strong>Tyrius</strong></span> <span class='ocrx_word' id='word_1_151' title='bbox 516 2879 691 2915; x_wconf 81' lang='lat' dir='ltr'><strong>crvcas</strong></span> <span class='ocrx_word' id='word_1_152' title='bbox 706 2902 720 2923; x_wconf 86' lang='lat'>,</span> <span class='ocrx_word' id='word_1_153' title='bbox 757 2860 913 2933; x_wconf 79' lang='lat' dir='ltr'><strong>Tyn’a</strong></span> <span class='ocrx_word' id='word_1_154' title='bbox 927 2863 1158 2932; x_wconf 71' lang='lat' dir='ltr'><strong>chlamys</strong></span> <span class='ocrx_word' id='word_1_155' title='bbox 1174 2899 1189 2923; x_wconf 92' lang='lat'><strong><em>‚</em></strong></span> <span class='ocrx_word' id='word_1_156' title='bbox 1222 2861 1330 2931; x_wconf 73' lang='lat' dir='ltr'><strong>Ty-</strong></span> 
     </span>
     <span class='ocr_line' id='line_1_28' title="bbox 303 2935 1329 3011; baseline -0.002 -20"><span class='ocrx_word' id='word_1_157' title='bbox 303 2944 410 2991; x_wconf 79' lang='lat' dir='ltr'><strong>n‘as</strong></span> <span class='ocrx_word' id='word_1_158' title='bbox 429 2945 595 3003; x_wconf 76' lang='lat' dir='ltr'><strong>torus,</strong></span> <span class='ocrx_word' id='word_1_159' title='bbox 638 2937 1019 3011; x_wconf 67' lang='lat' dir='ltr'><strong>Tyriussucm</strong></span> <span class='ocrx_word' id='word_1_160' title='bbox 1047 2937 1171 2991; x_wconf 85' lang='lat' dir='ltr'><strong>etin</strong></span> <span class='ocrx_word' id='word_1_161' title='bbox 1193 2935 1329 2990; x_wconf 83' lang='lat' dir='ltr'><strong>libro</strong></span> 
     </span>
     <span class='ocr_line' id='line_1_29' title="bbox 308 3017 1328 3088; baseline -0.006 -16"><span class='ocrx_word' id='word_1_162' title='bbox 308 3017 387 3072; x_wconf 82' lang='lat' dir='ltr'><strong>lx</strong></span> <span class='ocrx_word' id='word_1_163' title='bbox 403 3057 419 3084; x_wconf 85' lang='lat'><strong>,</strong></span> <span class='ocrx_word' id='word_1_164' title='bbox 455 3020 636 3088; x_wconf 65' lang='lat' dir='ltr'><em>Tyrios</em></span> <span class='ocrx_word' id='word_1_165' title='bbox 658 3022 860 3071; x_wconf 60' lang='lat' dir='ltr'><strong>amttam</strong></span> <span class='ocrx_word' id='word_1_166' title='bbox 880 3019 1072 3070; x_wconf 80' lang='lat' dir='ltr'><strong>colores</strong></span> <span class='ocrx_word' id='word_1_167' title='bbox 1103 3025 1233 3078; x_wconf 65' lang='lat' dir='ltr'><strong>ete-..5</strong></span> <span class='ocrx_word' id='word_1_168' title='bbox 1273 3022 1328 3066; x_wconf 90' lang='lat' dir='ltr'><strong>et</strong></span> 
     </span>
     <span class='ocr_line' id='line_1_30' title="bbox 303 3094 1331 3167; baseline -0.006 -17"><span class='ocrx_word' id='word_1_169' title='bbox 303 3094 441 3150; x_wconf 83' lang='lat' dir='ltr'><strong>libro</strong></span> <span class='ocrx_word' id='word_1_170' title='bbox 458 3096 510 3149; x_wconf 85' lang='lat' dir='ltr'>X</span> <span class='ocrx_word' id='word_1_171' title='bbox 525 3135 542 3162; x_wconf 88' lang='lat'>‚</span> <span class='ocrx_word' id='word_1_172' title='bbox 576 3098 822 3167; x_wconf 65' lang='lat' dir='ltr'><strong>Tyrioque</strong></span> <span class='ocrx_word' id='word_1_173' title='bbox 833 3096 1070 3147; x_wconf 75' lang='lat' dir='ltr'><strong>nilenlt&#39;or</strong></span> <span class='ocrx_word' id='word_1_174' title='bbox 1085 3094 1331 3160; x_wconf 70' lang='lat' dir='ltr'><strong>oste-osto:</strong></span> 
     </span>
     <span class='ocr_line' id='line_1_31' title="bbox 306 3169 1325 3238; baseline -0.007 -9"><span class='ocrx_word' id='word_1_175' title='bbox 306 3179 476 3229; x_wconf 71' lang='lat' dir='ltr'><strong>oritur.</strong></span> <span class='ocrx_word' id='word_1_176' title='bbox 500 3172 604 3227; x_wconf 86' lang='lat' dir='ltr'><strong>Ed.</strong></span> <span class='ocrx_word' id='word_1_177' title='bbox 624 3201 693 3215; x_wconf 89' lang='lat'>-</span> <span class='ocrx_word' id='word_1_178' title='bbox 721 3170 988 3225; x_wconf 82' lang='lat' dir='ltr'><strong>Arnobius</strong></span> <span class='ocrx_word' id='word_1_179' title='bbox 1022 3169 1113 3224; x_wconf 89' lang='lat' dir='ltr'><strong>dat</strong></span> <span class='ocrx_word' id='word_1_180' title='bbox 1125 3189 1325 3238; x_wconf 67' lang='lat' dir='ltr'><strong>purpu-</strong></span> 
     </span>
     <span class='ocr_line' id='line_1_32' title="bbox 308 3252 1330 3324; baseline -0.003 -15"><span class='ocrx_word' id='word_1_181' title='bbox 308 3273 455 3323; x_wconf 80' lang='lat' dir='ltr'><strong>reos‚·</strong></span> <span class='ocrx_word' id='word_1_182' title='bbox 475 3255 530 3308; x_wconf 83' lang='lat' dir='ltr'><strong>id</strong></span> <span class='ocrx_word' id='word_1_183' title='bbox 543 3266 622 3310; x_wconf 79' lang='lat' dir='ltr'><strong>est</strong></span> <span class='ocrx_word' id='word_1_184' title='bbox 636 3295 652 3323; x_wconf 88' lang='lat'>,</span> <span class='ocrx_word' id='word_1_185' title='bbox 673 3253 896 3308; x_wconf 86' lang='lat' dir='ltr'><strong>omnino</strong></span> <span class='ocrx_word' id='word_1_186' title='bbox 912 3252 1154 3324; x_wconf 80' lang='lat' dir='ltr'><strong>pulchros</strong></span> <span class='ocrx_word' id='word_1_187' title='bbox 1173 3271 1189 3316; x_wconf 73' lang='grc' dir='ltr'>ς</span> <span class='ocrx_word' id='word_1_188' title='bbox 1218 3262 1330 3306; x_wconf 87' lang='lat' dir='ltr'><strong>ete-</strong></span> 
     </span>
     <span class='ocr_line' id='line_1_33' title="bbox 310 3331 1331 3399; baseline -0.005 -12"><span class='ocrx_word' id='word_1_189' title='bbox 310 3333 426 3387; x_wconf 87' lang='lat' dir='ltr'><strong>nim</strong></span> <span class='ocrx_word' id='word_1_190' title='bbox 457 3331 776 3399; x_wconf 74' lang='lat' dir='ltr'><strong>Totsueran!</strong></span> <span class='ocrx_word' id='word_1_191' title='bbox 789 3334 914 3393; x_wconf 76' lang='lat' dir='ltr'><strong>illic,</strong></span> <span class='ocrx_word' id='word_1_192' title='bbox 929 3336 1052 3399; x_wconf 78' lang='lat' dir='ltr'><strong>quo!</strong></span> <span class='ocrx_word' id='word_1_193' title='bbox 1064 3332 1220 3383; x_wconf 75' lang='lat' dir='ltr'><strong>habe!</strong></span> <span class='ocrx_word' id='word_1_194' title='bbox 1232 3348 1331 3382; x_wconf 74' lang='lat' dir='ltr'><strong>na-</strong></span> 
     </span>
     <span class='ocr_line' id='line_1_34' title="bbox 310 3405 1329 3481; baseline -0.005 -17"><span class='ocrx_word' id='word_1_195' title='bbox 310 3417 427 3464; x_wconf 72' lang='lat' dir='ltr'><strong>tura</strong></span> <span class='ocrx_word' id='word_1_196' title='bbox 447 3451 462 3474; x_wconf 88' lang='lat'><em>,</em></span> <span class='ocrx_word' id='word_1_197' title='bbox 501 3414 715 3472; x_wconf 74' lang='lat' dir='ltr'><strong>colores,</strong></span> <span class='ocrx_word' id='word_1_198' title='bbox 744 3409 883 3464; x_wconf 87' lang='lat' dir='ltr'><strong>Fast.</strong></span> <span class='ocrx_word' id='word_1_199' title='bbox 922 3408 972 3463; x_wconf 89' lang='lat' dir='ltr'><strong>d.</strong></span> <span class='ocrx_word' id='word_1_200' title='bbox 1006 3406 1039 3461; x_wconf 89' lang='lat' dir='ltr'><strong>l.</strong></span> <span class='ocrx_word' id='word_1_201' title='bbox 1070 3410 1169 3481; x_wconf 80' lang='lat'><strong>429</strong></span> <span class='ocrx_word' id='word_1_202' title='bbox 1183 3446 1199 3474; x_wconf 88' lang='lat'>,</span> <span class='ocrx_word' id='word_1_203' title='bbox 1240 3405 1329 3460; x_wconf 81' lang='lat' dir='ltr'><strong>ubi</strong></span> 
     </span>
     <span class='ocr_line' id='line_1_35' title="bbox 310 3488 1263 3562; baseline -0.006 -16"><span class='ocrx_word' id='word_1_204' title='bbox 310 3491 464 3562; x_wconf 85' lang='lat' dir='ltr'><strong>copia</strong></span> <span class='ocrx_word' id='word_1_205' title='bbox 483 3490 706 3561; x_wconf 83' lang='lat' dir='ltr'><strong>istorum</strong></span> <span class='ocrx_word' id='word_1_206' title='bbox 728 3488 923 3544; x_wconf 88' lang='lat' dir='ltr'><strong>florum</strong></span> <span class='ocrx_word' id='word_1_207' title='bbox 947 3498 1263 3544; x_wconf 83' lang='lat' dir='ltr'><strong>recensetur.</strong></span> 
     </span>
     <span class='ocr_line' id='line_1_36' title="bbox 378 3566 1330 3644; baseline -0.003 -22"><span class='ocrx_word' id='word_1_208' title='bbox 378 3571 496 3644; x_wconf 79' lang='lat'><strong>³9²·</strong></span> <span class='ocrx_word' id='word_1_209' title='bbox 520 3572 707 3634; x_wconf 70' lang='lat' dir='ltr'><em>ludit,</em></span> <span class='ocrx_word' id='word_1_210' title='bbox 734 3576 787 3622; x_wconf 78' lang='lat' dir='ltr'><strong>et</strong></span> <span class='ocrx_word' id='word_1_211' title='bbox 804 3575 900 3621; x_wconf 75' lang='lat' dir='ltr'><strong>aa!</strong></span> <span class='ocrx_word' id='word_1_212' title='bbox 911 3571 1080 3622; x_wconf 73' lang='lat' dir='ltr'><strong>violas</strong></span> <span class='ocrx_word' id='word_1_213' title='bbox 1093 3608 1106 3630; x_wconf 88' lang='lat'><em>,</em></span> <span class='ocrx_word' id='word_1_214' title='bbox 1133 3576 1230 3620; x_wconf 88' lang='lat' dir='ltr'><strong>etc.</strong></span> <span class='ocrx_word' id='word_1_215' title='bbox 1262 3566 1330 3620; x_wconf 88' lang='lat' dir='ltr'><strong>In</strong></span> 
     </span>
     <span class='ocr_line' id='line_1_37' title="bbox 312 3644 1331 3715; baseline -0.004 -14"><span class='ocrx_word' id='word_1_216' title='bbox 312 3666 380 3701; x_wconf 89' lang='lat' dir='ltr'><strong>eo</strong></span> <span class='ocrx_word' id='word_1_217' title='bbox 399 3648 740 3701; x_wconf 77' lang='lat' dir='ltr'><strong>consentiunt</strong></span> <span class='ocrx_word' id='word_1_218' title='bbox 755 3664 960 3713; x_wconf 80' lang='lat' dir='ltr'><strong>omnes,</strong></span> <span class='ocrx_word' id='word_1_219' title='bbox 976 3655 1182 3715; x_wconf 81' lang='lat' dir='ltr'><strong>raptam</strong></span> <span class='ocrx_word' id='word_1_220' title='bbox 1198 3644 1331 3698; x_wconf 90' lang='lat' dir='ltr'><strong>Pro·</strong></span> 
     </span>
     <span class='ocr_line' id='line_1_38' title="bbox 311 3726 1332 3795; baseline -0.005 -15"><span class='ocrx_word' id='word_1_221' title='bbox 311 3726 578 3795; x_wconf 69' lang='lat' dir='ltr'><strong>sen-pinam</strong></span> <span class='ocrx_word' id='word_1_222' title='bbox 593 3767 610 3793; x_wconf 84' lang='lat'>‚</span> <span class='ocrx_word' id='word_1_223' title='bbox 659 3743 826 3795; x_wconf 87' lang='lat' dir='ltr'><strong>quum</strong></span> <span class='ocrx_word' id='word_1_224' title='bbox 843 3728 1003 3794; x_wconf 61' lang='grc' dir='ltr'><strong>βοτη</strong></span> <span class='ocrx_word' id='word_1_225' title='bbox 1041 3727 1227 3793; x_wconf 61' lang='lat' dir='ltr'><strong>legent</strong></span> <span class='ocrx_word' id='word_1_226' title='bbox 1241 3762 1257 3786; x_wconf 88' lang='lat'><strong><em>‚</em></strong></span> <span class='ocrx_word' id='word_1_227' title='bbox 1299 3739 1332 3775; x_wconf 83' lang='lat' dir='ltr'><strong>a</strong></span> 
     </span>
     <span class='ocr_line' id='line_1_39' title="bbox 312 3796 1332 3872; baseline -0.003 -17"><span class='ocrx_word' id='word_1_228' title='bbox 312 3820 424 3872; x_wconf 83' lang='lat' dir='ltr'><strong>quo</strong></span> <span class='ocrx_word' id='word_1_229' title='bbox 438 3820 549 3855; x_wconf 91' lang='lat' dir='ltr'><strong>non</strong></span> <span class='ocrx_word' id='word_1_230' title='bbox 564 3801 741 3856; x_wconf 80' lang='lat' dir='ltr'><strong>differt</strong></span> <span class='ocrx_word' id='word_1_231' title='bbox 755 3801 979 3855; x_wconf 82' lang='lat' dir='ltr'><strong>alterum</strong></span> <span class='ocrx_word' id='word_1_232' title='bbox 993 3804 1175 3865; x_wconf 71' lang='lat' dir='ltr'><strong>ladem,</strong></span> <span class='ocrx_word' id='word_1_233' title='bbox 1188 3796 1332 3870; x_wconf 88' lang='lat' dir='ltr'><strong>quod</strong></span> 
     </span>
     <span class='ocr_line' id='line_1_40' title="bbox 314 3878 1331 3949; baseline -0.002 -16"><span class='ocrx_word' id='word_1_234' title='bbox 314 3880 383 3934; x_wconf 85' lang='lat' dir='ltr'><strong>de</strong></span> <span class='ocrx_word' id='word_1_235' title='bbox 418 3880 568 3933; x_wconf 88' lang='lat' dir='ltr'><strong>omni</strong></span> <span class='ocrx_word' id='word_1_236' title='bbox 602 3898 763 3949; x_wconf 87' lang='lat' dir='ltr'><strong>opera</strong></span> <span class='ocrx_word' id='word_1_237' title='bbox 796 3897 907 3932; x_wconf 90' lang='lat' dir='ltr'><strong>non</strong></span> <span class='ocrx_word' id='word_1_238' title='bbox 933 3879 1067 3933; x_wconf 84' lang='lat' dir='ltr'><strong>seria</strong></span> <span class='ocrx_word' id='word_1_239' title='bbox 1101 3878 1331 3949; x_wconf 88' lang='lat' dir='ltr'><strong>ponitur.</strong></span> 
     </span>
     <span class='ocr_line' id='line_1_41' title="bbox 313 3959 1333 4031; baseline -0.001 -16"><span class='ocrx_word' id='word_1_240' title='bbox 313 3961 444 4015; x_wconf 81' lang='lat' dir='ltr'><strong>Jam</strong></span> <span class='ocrx_word' id='word_1_241' title='bbox 475 3959 745 4031; x_wconf 74' lang='lat' dir='ltr'><strong>pamphus</strong></span> <span class='ocrx_word' id='word_1_242' title='bbox 779 3959 1051 4029; x_wconf 77' lang='lat' dir='ltr'><strong>scripserat</strong></span> <span class='ocrx_word' id='word_1_243' title='bbox 1076 3998 1091 4026; x_wconf 88' lang='lat'><em>,</em></span> <span class='ocrx_word' id='word_1_244' title='bbox 1127 3969 1333 4029; x_wconf 79' lang='lat' dir='ltr'><strong>raptam</strong></span> 
     </span>
     <span class='ocr_line' id='line_1_42' title="bbox 315 4040 1336 4105; baseline -0.001 -13"><span class='ocrx_word' id='word_1_245' title='bbox 315 4058 437 4092; x_wconf 80' lang='lat' dir='ltr'><strong>eam</strong></span> <span class='ocrx_word' id='word_1_246' title='bbox 462 4057 573 4092; x_wconf 78' lang='lat' dir='ltr'><strong>esse</strong></span> <span class='ocrx_word' id='word_1_247' title='bbox 592 4047 845 4102; x_wconf 67' lang='grc' dir='ltr'><strong><em>παίζουσαν</em></strong></span> <span class='ocrx_word' id='word_1_248' title='bbox 859 4045 940 4093; x_wconf 67' lang='grc' dir='ltr'><strong>καὶ</strong></span> <span class='ocrx_word' id='word_1_249' title='bbox 961 4040 1068 4100; x_wconf 68' lang='grc' dir='ltr'><strong>ἄνθη</strong></span> <span class='ocrx_word' id='word_1_250' title='bbox 1095 4040 1336 4105; x_wconf 57' lang='lat' dir='ltr'><strong>cuni-yw-</strong></span> 
     </span>
     <span class='ocr_line' id='line_1_43' title="bbox 315 4115 1334 4186; baseline -0.005 -14"><span class='ocrx_word' id='word_1_251' title='bbox 315 4141 424 4184; x_wconf 75' lang='grc' dir='ltr'><strong>σαν,</strong></span> <span class='ocrx_word' id='word_1_252' title='bbox 439 4136 661 4186; x_wconf 83' lang='lat' dir='ltr'><strong>eamque</strong></span> <span class='ocrx_word' id='word_1_253' title='bbox 673 4115 944 4185; x_wconf 81' lang='lat' dir='ltr'><strong>deceptam</strong></span> <span class='ocrx_word' id='word_1_254' title='bbox 956 4132 1086 4181; x_wconf 80' lang='lat' dir='ltr'><strong>esse,</strong></span> <span class='ocrx_word' id='word_1_255' title='bbox 1104 4132 1217 4167; x_wconf 88' lang='lat' dir='ltr'><strong>non</strong></span> <span class='ocrx_word' id='word_1_256' title='bbox 1230 4119 1334 4168; x_wconf 69' lang='lat' dir='ltr'><strong>w’o·</strong></span> 
     </span>
     <span class='ocr_line' id='line_1_44' title="bbox 314 4191 1334 4262; baseline -0.003 -14"><span class='ocrx_word' id='word_1_257' title='bbox 314 4198 401 4259; x_wconf 63' lang='lat'><strong>1121,</strong></span> <span class='ocrx_word' id='word_1_258' title='bbox 414 4193 507 4249; x_wconf 85' lang='lat' dir='ltr'><strong>sed</strong></span> <span class='ocrx_word' id='word_1_259' title='bbox 518 4198 779 4247; x_wconf 79' lang='lat' dir='ltr'><strong>narcisse&#39;s.</strong></span> <span class='ocrx_word' id='word_1_260' title='bbox 790 4194 1013 4248; x_wconf 80' lang='lat' dir='ltr'><strong>Pausan.</strong></span> <span class='ocrx_word' id='word_1_261' title='bbox 1025 4192 1106 4247; x_wconf 86' lang='lat' dir='ltr'><strong>lx</strong></span> <span class='ocrx_word' id='word_1_262' title='bbox 1120 4231 1137 4259; x_wconf 87' lang='lat'>,</span> <span class='ocrx_word' id='word_1_263' title='bbox 1156 4211 1208 4262; x_wconf 84' lang='lat' dir='ltr'><strong>p.</strong></span> <span class='ocrx_word' id='word_1_264' title='bbox 1225 4213 1246 4246; x_wconf 87' lang='lat'>1</span> <span class='ocrx_word' id='word_1_265' title='bbox 1256 4191 1334 4261; x_wconf 81' lang='lat'><strong>73.</strong></span> 
     </span>
     <span class='ocr_line' id='line_1_45' title="bbox 304 4269 1333 4345; baseline -0.007 -16"><span class='ocrx_word' id='word_1_266' title='bbox 304 4273 577 4329; x_wconf 64' lang='lat' dir='ltr'><strong>‘Similiter</strong></span> <span class='ocrx_word' id='word_1_267' title='bbox 606 4273 771 4328; x_wconf 86' lang='lat' dir='ltr'><strong>Hom.</strong></span> <span class='ocrx_word' id='word_1_268' title='bbox 805 4271 990 4345; x_wconf 77' lang='lat' dir='ltr'><strong>hymn.</strong></span> <span class='ocrx_word' id='word_1_269' title='bbox 1015 4271 1072 4324; x_wconf 90' lang='lat' dir='ltr'><strong>in</strong></span> <span class='ocrx_word' id='word_1_270' title='bbox 1106 4269 1231 4323; x_wconf 85' lang='lat' dir='ltr'><strong>Cer.</strong></span> <span class='ocrx_word' id='word_1_271' title='bbox 1263 4272 1293 4323; x_wconf 77' lang='lat'>⁵</span> <span class='ocrx_word' id='word_1_272' title='bbox 1316 4309 1333 4337; x_wconf 87' lang='lat'>‚</span> 
     </span>
     <span class='ocr_line' id='line_1_46' title="bbox 319 4348 1337 4422; baseline -0.003 -14"><span class='ocrx_word' id='word_1_273' title='bbox 319 4358 575 4419; x_wconf 65' lang='grc' dir='ltr'><strong><em>παίζουσαν</em></strong></span> <span class='ocrx_word' id='word_1_274' title='bbox 620 4354 757 4408; x_wconf 60' lang='grc' dir='ltr'><strong><em>ἔνθεα</em></strong></span> <span class='ocrx_word' id='word_1_275' title='bbox 799 4350 845 4411; x_wconf 68' lang='grc' dir='ltr'><strong>τ’</strong></span> <span class='ocrx_word' id='word_1_276' title='bbox 887 4354 1145 4422; x_wconf 59' lang='lat' dir='ltr'><strong>«maim.</strong></span> <span class='ocrx_word' id='word_1_277' title='bbox 1190 4348 1337 4407; x_wconf 78' lang='lat' dir='ltr'><strong>Tum</strong></span> 
     </span>
    </p>
   </div>
   <div class='ocr_carea' id='block_1_11' title="bbox 2336 1892 2437 1962">
    <p class='ocr_par' dir='ltr' id='par_1_11' title="bbox 2336 1892 2437 1962">
     <span class='ocr_line' id='line_1_47' title="bbox 2336 1892 2437 1962; baseline 0.01 -21"><span class='ocrx_word' id='word_1_278' title='bbox 2336 1892 2437 1962; x_wconf 67' lang='lat'><strong>400</strong></span> 
     </span>
    </p>
   </div>
   <div class='ocr_carea' id='block_1_12' title="bbox 1418 2074 2470 4333">
    <p class='ocr_par' dir='ltr' id='par_1_12' title="bbox 1418 2074 2470 2928">
     <span class='ocr_line' id='line_1_48' title="bbox 1420 2074 2437 2145; baseline 0.003 -16"><span class='ocrx_word' id='word_1_279' title='bbox 1420 2077 1681 2129; x_wconf 59' lang='lat' dir='ltr'><strong>namzsstsas</strong></span> <span class='ocrx_word' id='word_1_280' title='bbox 1736 2074 1942 2130; x_wconf 65' lang='lat' dir='ltr'><strong>eximie</strong></span> <span class='ocrx_word' id='word_1_281' title='bbox 1991 2074 2392 2145; x_wconf 67' lang='lat' dir='ltr'><strong>pulchdtudinis</strong></span> <span class='ocrx_word' id='word_1_282' title='bbox 2421 2117 2437 2144; x_wconf 85' lang='lat'><strong>,</strong></span> 
     </span>
     <span class='ocr_line' id='line_1_49' title="bbox 1422 2152 2439 2224; baseline 0.003 -18"><span class='ocrx_word' id='word_1_283' title='bbox 1422 2171 1584 2224; x_wconf 85' lang='lat' dir='ltr'><strong>quem</strong></span> <span class='ocrx_word' id='word_1_284' title='bbox 1604 2152 1924 2222; x_wconf 72' lang='lat' dir='ltr'><strong>decerpserit</strong></span> <span class='ocrx_word' id='word_1_285' title='bbox 1936 2193 1952 2219; x_wconf 87' lang='lat'>,</span> <span class='ocrx_word' id='word_1_286' title='bbox 1977 2165 2439 2210; x_wconf 86' lang='lat' dir='ltr'><strong>commemoratur.</strong></span> 
     </span>
     <span class='ocr_line' id='line_1_50' title="bbox 1425 2230 2470 2304; baseline 0.002 -19"><span class='ocrx_word' id='word_1_287' title='bbox 1425 2230 1512 2285; x_wconf 83' lang='lat' dir='ltr'><strong>Cs.</strong></span> <span class='ocrx_word' id='word_1_288' title='bbox 1533 2230 1656 2287; x_wconf 80' lang='lat' dir='ltr'><strong>sch.</strong></span> <span class='ocrx_word' id='word_1_289' title='bbox 1677 2230 1921 2301; x_wconf 77' lang='lat' dir='ltr'><strong>Sophocl.</strong></span> <span class='ocrx_word' id='word_1_290' title='bbox 1945 2230 2010 2284; x_wconf 91' lang='lat' dir='ltr'><strong>ad</strong></span> <span class='ocrx_word' id='word_1_291' title='bbox 2032 2230 2161 2285; x_wconf 88' lang='lat' dir='ltr'><strong>OEd.</strong></span> <span class='ocrx_word' id='word_1_292' title='bbox 2188 2230 2306 2287; x_wconf 89' lang='lat' dir='ltr'><strong>Col.</strong></span> <span class='ocrx_word' id='word_1_293' title='bbox 2324 2233 2437 2304; x_wconf 79' lang='grc'><strong>647.</strong></span> <span class='ocrx_word' id='word_1_294' title='bbox 2461 2261 2470 2269; x_wconf 90' lang='grc'><em>·</em></span> 
     </span>
     <span class='ocr_line' id='line_1_51' title="bbox 1423 2309 2439 2366; baseline 0.004 -4"><span class='ocrx_word' id='word_1_295' title='bbox 1423 2309 1489 2363; x_wconf 92' lang='lat' dir='ltr'><strong>ln</strong></span> <span class='ocrx_word' id='word_1_296' title='bbox 1512 2311 1747 2364; x_wconf 80' lang='lat' dir='ltr'><strong>nummis</strong></span> <span class='ocrx_word' id='word_1_297' title='bbox 1777 2309 1842 2362; x_wconf 80' lang='lat' dir='ltr'><strong>ab</strong></span> <span class='ocrx_word' id='word_1_298' title='bbox 1866 2310 2202 2365; x_wconf 83' lang='lat' dir='ltr'><strong>Ennensibus</strong></span> <span class='ocrx_word' id='word_1_299' title='bbox 2229 2311 2284 2365; x_wconf 91' lang='lat' dir='ltr'><strong>in</strong></span> <span class='ocrx_word' id='word_1_300' title='bbox 2311 2330 2439 2366; x_wconf 87' lang='lat' dir='ltr'><strong>me-</strong></span> 
     </span>
     <span class='ocr_line' id='line_1_52' title="bbox 1419 2387 2437 2458; baseline 0.003 -18"><span class='ocrx_word' id='word_1_301' title='bbox 1419 2388 1649 2441; x_wconf 85' lang='lat' dir='ltr'><strong>moriam</strong></span> <span class='ocrx_word' id='word_1_302' title='bbox 1671 2387 1829 2456; x_wconf 81' lang='lat' dir='ltr'><strong>hujus</strong></span> <span class='ocrx_word' id='word_1_303' title='bbox 1855 2398 2034 2458; x_wconf 85' lang='lat' dir='ltr'><strong>raptus</strong></span> <span class='ocrx_word' id='word_1_304' title='bbox 2061 2388 2193 2442; x_wconf 81' lang='lat' dir='ltr'><strong>cusis</strong></span> <span class='ocrx_word' id='word_1_305' title='bbox 2214 2399 2269 2442; x_wconf 90' lang='lat' dir='ltr'><strong>et</strong></span> <span class='ocrx_word' id='word_1_306' title='bbox 2292 2393 2437 2443; x_wconf 72' lang='lat' dir='ltr'><strong>viola</strong></span> 
     </span>
     <span class='ocr_line' id='line_1_53' title="bbox 1421 2465 2437 2538; baseline 0.005 -18"><span class='ocrx_word' id='word_1_307' title='bbox 1421 2465 1519 2521; x_wconf 84' lang='lat' dir='ltr'><strong>flos</strong></span> <span class='ocrx_word' id='word_1_308' title='bbox 1541 2468 1794 2521; x_wconf 87' lang='lat' dir='ltr'><strong>cernitur.</strong></span> <span class='ocrx_word' id='word_1_309' title='bbox 1827 2467 2115 2538; x_wconf 82' lang='lat' dir='ltr'><strong>Spanhem.</strong></span> <span class='ocrx_word' id='word_1_310' title='bbox 2136 2468 2198 2522; x_wconf 88' lang='lat' dir='ltr'><strong>ad</strong></span> <span class='ocrx_word' id='word_1_311' title='bbox 2230 2467 2437 2525; x_wconf 85' lang='lat' dir='ltr'><strong>Gallim.</strong></span> 
     </span>
     <span class='ocr_line' id='line_1_54' title="bbox 1427 2546 2440 2616; baseline 0.003 -16"><span class='ocrx_word' id='word_1_312' title='bbox 1427 2551 1502 2601; x_wconf 81' lang='lat'><strong>15.</strong></span> <span class='ocrx_word' id='word_1_313' title='bbox 1520 2546 1853 2602; x_wconf 82' lang='lat' dir='ltr'><strong>Schirachius</strong></span> <span class='ocrx_word' id='word_1_314' title='bbox 1866 2558 2051 2603; x_wconf 82' lang='lat' dir='ltr'><strong>monet</strong></span> <span class='ocrx_word' id='word_1_315' title='bbox 2064 2588 2080 2616; x_wconf 90' lang='lat'>,</span> <span class='ocrx_word' id='word_1_316' title='bbox 2104 2546 2440 2604; x_wconf 87' lang='lat' dir='ltr'><strong>dulcedinem</strong></span> 
     </span>
     <span class='ocr_line' id='line_1_55' title="bbox 1418 2624 2439 2697; baseline 0.003 -19"><span class='ocrx_word' id='word_1_317' title='bbox 1418 2624 1592 2679; x_wconf 75' lang='lat' dir='ltr'><strong>versui</strong></span> <span class='ocrx_word' id='word_1_318' title='bbox 1616 2624 1784 2680; x_wconf 83' lang='lat' dir='ltr'><strong>inesse</strong></span> <span class='ocrx_word' id='word_1_319' title='bbox 1803 2666 1818 2694; x_wconf 91' lang='lat'><strong><em>‚</em></strong></span> <span class='ocrx_word' id='word_1_320' title='bbox 1844 2636 2026 2679; x_wconf 88' lang='lat' dir='ltr'><strong>natam</strong></span> <span class='ocrx_word' id='word_1_321' title='bbox 2049 2646 2109 2679; x_wconf 82' lang='lat' dir='ltr'><strong>ex</strong></span> <span class='ocrx_word' id='word_1_322' title='bbox 2129 2627 2350 2697; x_wconf 85' lang='lat' dir='ltr'><strong>repetita</strong></span> <span class='ocrx_word' id='word_1_323' title='bbox 2375 2628 2439 2681; x_wconf 79' lang='lat' dir='ltr'><strong>li-</strong></span> 
     </span>
     <span class='ocr_line' id='line_1_56' title="bbox 1418 2702 2441 2777; baseline 0 -20"><span class='ocrx_word' id='word_1_324' title='bbox 1418 2712 1533 2757; x_wconf 79' lang='lat' dir='ltr'><strong>tera</strong></span> <span class='ocrx_word' id='word_1_325' title='bbox 1555 2722 1622 2766; x_wconf 82' lang='lat' dir='ltr'><strong>ae,</strong></span> <span class='ocrx_word' id='word_1_326' title='bbox 1662 2702 1821 2772; x_wconf 86' lang='lat' dir='ltr'><strong>idque</strong></span> <span class='ocrx_word' id='word_1_327' title='bbox 1847 2705 2044 2758; x_wconf 81' lang='lat' dir='ltr'><strong>sactum</strong></span> <span class='ocrx_word' id='word_1_328' title='bbox 2078 2723 2202 2777; x_wconf 70' lang='lat' dir='ltr'><strong>csse⁸</strong></span> <span class='ocrx_word' id='word_1_329' title='bbox 2224 2724 2288 2757; x_wconf 83' lang='lat' dir='ltr'><strong>ex</strong></span> <span class='ocrx_word' id='word_1_330' title='bbox 2308 2704 2441 2757; x_wconf 88' lang='lat' dir='ltr'><strong>imi—</strong></span> 
     </span>
     <span class='ocr_line' id='line_1_57' title="bbox 1418 2781 2443 2853; baseline -0.001 -16"><span class='ocrx_word' id='word_1_331' title='bbox 1418 2784 1621 2837; x_wconf 70' lang='lat' dir='ltr'><strong>tatione</strong></span> <span class='ocrx_word' id='word_1_332' title='bbox 1646 2781 1849 2853; x_wconf 82' lang='lat' dir='ltr'><strong>Virgilii</strong></span> <span class='ocrx_word' id='word_1_333' title='bbox 1869 2801 1882 2835; x_wconf 72' lang='grc' dir='ltr'><em>τ</em></span> <span class='ocrx_word' id='word_1_334' title='bbox 1913 2785 2097 2837; x_wconf 69' lang='lat' dir='ltr'><strong>Homo</strong></span> <span class='ocrx_word' id='word_1_335' title='bbox 2116 2786 2307 2837; x_wconf 76' lang='lat' dir='ltr'><strong>luleola</strong></span> <span class='ocrx_word' id='word_1_336' title='bbox 2318 2789 2443 2852; x_wconf 78' lang='lat' dir='ltr'><strong>pia-</strong></span> 
     </span>
     <span class='ocr_line' id='line_1_58' title="bbox 1418 2861 2122 2928; baseline -0.003 -16"><span class='ocrx_word' id='word_1_337' title='bbox 1418 2865 1498 2928; x_wconf 71' lang='lat'><strong>8¹⁰!</strong></span> <span class='ocrx_word' id='word_1_338' title='bbox 1514 2865 1752 2913; x_wconf 73' lang='lat' dir='ltr'><strong>mccim&#39;a</strong></span> <span class='ocrx_word' id='word_1_339' title='bbox 1771 2861 1960 2912; x_wconf 76' lang='lat' dir='ltr'><strong>caltha.</strong></span> <span class='ocrx_word' id='word_1_340' title='bbox 2115 2866 2122 2873; x_wconf 83' lang='grc'>’</span> 
     </span>
    </p>

    <p class='ocr_par' dir='ltr' id='par_1_13' title="bbox 1420 2934 2446 4090">
     <span class='ocr_line' id='line_1_59' title="bbox 1485 2934 2441 3010; baseline -0.002 -19"><span class='ocrx_word' id='word_1_341' title='bbox 1485 2937 1599 3010; x_wconf 74' lang='grc'><strong>393.</strong></span> <span class='ocrx_word' id='word_1_342' title='bbox 1627 2936 1711 2989; x_wconf 92' lang='lat' dir='ltr'><strong>De</strong></span> <span class='ocrx_word' id='word_1_343' title='bbox 1735 2938 1976 2997; x_wconf 74' lang='lat' dir='ltr'><strong>calathis,</strong></span> <span class='ocrx_word' id='word_1_344' title='bbox 2004 2934 2124 2989; x_wconf 76' lang='lat' dir='ltr'><strong>vide</strong></span> <span class='ocrx_word' id='word_1_345' title='bbox 2146 2934 2212 2989; x_wconf 90' lang='lat' dir='ltr'><strong>ad</strong></span> <span class='ocrx_word' id='word_1_346' title='bbox 2234 2936 2332 3003; x_wconf 83' lang='lat' dir='ltr'><strong>IV,</strong></span> <span class='ocrx_word' id='word_1_347' title='bbox 2365 2957 2441 2990; x_wconf 90' lang='grc' dir='ltr'><strong>ιο.</strong></span> 
     </span>
     <span class='ocr_line' id='line_1_60' title="bbox 1422 3014 2445 3072; baseline 0.001 -3"><span class='ocrx_word' id='word_1_348' title='bbox 1422 3016 1786 3071; x_wconf 80' lang='lat' dir='ltr'><strong>Inserviebant</strong></span> <span class='ocrx_word' id='word_1_349' title='bbox 1801 3016 1961 3069; x_wconf 83' lang='lat' dir='ltr'><strong>etiam</strong></span> <span class='ocrx_word' id='word_1_350' title='bbox 1971 3014 2187 3070; x_wconf 84' lang='lat' dir='ltr'><strong>floribus</strong></span> <span class='ocrx_word' id='word_1_351' title='bbox 2203 3017 2445 3072; x_wconf 76' lang='lat' dir='ltr'><strong>collectis.</strong></span> 
     </span>
     <span class='ocr_line' id='line_1_61' title="bbox 1420 3093 2442 3168; baseline 0.002 -21"><span class='ocrx_word' id='word_1_352' title='bbox 1420 3122 1489 3135; x_wconf 93' lang='lat'>—</span> <span class='ocrx_word' id='word_1_353' title='bbox 1523 3096 1808 3163; x_wconf 72' lang='lat' dir='ltr'><strong>AE&#39;qualitm</strong></span> <span class='ocrx_word' id='word_1_354' title='bbox 1836 3093 2204 3168; x_wconf 80' lang='lat' dir='ltr'><strong>Nympharum</strong></span> <span class='ocrx_word' id='word_1_355' title='bbox 2237 3096 2442 3149; x_wconf 84' lang='lat' dir='ltr'><strong>catalo-</strong></span> 
     </span>
     <span class='ocr_line' id='line_1_62' title="bbox 1424 3173 2442 3247; baseline 0.001 -19"><span class='ocrx_word' id='word_1_356' title='bbox 1424 3194 1551 3245; x_wconf 81' lang='lat' dir='ltr'><strong>gum</strong></span> <span class='ocrx_word' id='word_1_357' title='bbox 1579 3173 1763 3247; x_wconf 80' lang='lat' dir='ltr'><strong>hymn.</strong></span> <span class='ocrx_word' id='word_1_358' title='bbox 1798 3175 1964 3228; x_wconf 88' lang='lat' dir='ltr'><strong>Hom.</strong></span> <span class='ocrx_word' id='word_1_359' title='bbox 1991 3177 2087 3241; x_wconf 80' lang='lat'><strong>418</strong></span> <span class='ocrx_word' id='word_1_360' title='bbox 2108 3215 2123 3242; x_wconf 84' lang='lat'><strong>,</strong></span> <span class='ocrx_word' id='word_1_361' title='bbox 2150 3174 2323 3229; x_wconf 84' lang='lat' dir='ltr'><strong>habet.</strong></span> <span class='ocrx_word' id='word_1_362' title='bbox 2363 3176 2442 3229; x_wconf 83' lang='lat' dir='ltr'><strong>Ex</strong></span> 
     </span>
     <span class='ocr_line' id='line_1_63' title="bbox 1422 3252 2440 3307; baseline -0.001 0"><span class='ocrx_word' id='word_1_363' title='bbox 1422 3252 1484 3307; x_wconf 88' lang='lat' dir='ltr'><strong>iis</strong></span> <span class='ocrx_word' id='word_1_364' title='bbox 1516 3253 1654 3306; x_wconf 78' lang='lat' dir='ltr'><strong>infra</strong></span> <span class='ocrx_word' id='word_1_365' title='bbox 1699 3254 1896 3305; x_wconf 54' lang='lat' dir='ltr'><strong>&amp;renes</strong></span> <span class='ocrx_word' id='word_1_366' title='bbox 1937 3263 2440 3307; x_wconf 84' lang='lat' dir='ltr'><strong>commemorantur.</strong></span> 
     </span>
     <span class='ocr_line' id='line_1_64' title="bbox 1423 3328 2440 3399; baseline -0.001 -13"><span class='ocrx_word' id='word_1_367' title='bbox 1423 3331 1510 3386; x_wconf 87' lang='lat' dir='ltr'><strong>De</strong></span> <span class='ocrx_word' id='word_1_368' title='bbox 1523 3330 1892 3386; x_wconf 78' lang='lat' dir='ltr'><strong>certamiaeillo</strong></span> <span class='ocrx_word' id='word_1_369' title='bbox 1911 3328 2186 3384; x_wconf 82' lang='lat' dir='ltr'><strong>Claudian.</strong></span> <span class='ocrx_word' id='word_1_370' title='bbox 2209 3331 2291 3397; x_wconf 85' lang='lat'><strong>11,</strong></span> <span class='ocrx_word' id='word_1_371' title='bbox 2319 3333 2406 3399; x_wconf 86' lang='lat'><strong>¹37</strong></span> <span class='ocrx_word' id='word_1_372' title='bbox 2427 3352 2440 3385; x_wconf 89' lang='lat'>:</span> 
     </span>
     <span class='ocr_line' id='line_1_65' title="bbox 1422 3409 2437 3476; baseline 0 -15"><span class='ocrx_word' id='word_1_373' title='bbox 1422 3410 1633 3462; x_wconf 77' lang='lat' dir='ltr'><strong>AEstaal</strong></span> <span class='ocrx_word' id='word_1_374' title='bbox 1650 3417 1772 3462; x_wconf 77' lang='lat' dir='ltr'><strong>ante</strong></span> <span class='ocrx_word' id='word_1_375' title='bbox 1798 3411 1937 3460; x_wconf 78' lang='lat' dir='ltr'><strong>alias</strong></span> <span class='ocrx_word' id='word_1_376' title='bbox 1967 3410 2116 3462; x_wconf 68' lang='lat' dir='ltr'><strong>avido</strong></span> <span class='ocrx_word' id='word_1_377' title='bbox 2130 3409 2332 3476; x_wconf 71' lang='lat' dir='ltr'><strong>set-vore</strong></span> <span class='ocrx_word' id='word_1_378' title='bbox 2363 3411 2437 3461; x_wconf 90' lang='lat' dir='ltr'><strong>Ie-</strong></span> 
     </span>
     <span class='ocr_line' id='line_1_66' title="bbox 1420 3489 2445 3557; baseline 0 -15"><span class='ocrx_word' id='word_1_379' title='bbox 1420 3491 1580 3557; x_wconf 55' lang='lat' dir='ltr'><strong>‘endi</strong></span> <span class='ocrx_word' id='word_1_380' title='bbox 1661 3489 1809 3540; x_wconf 76' lang='lat' dir='ltr'><strong>Nunc</strong></span> <span class='ocrx_word' id='word_1_381' title='bbox 1832 3489 2066 3540; x_wconf 71' lang='lat' dir='ltr'><strong>calathos</strong></span> <span class='ocrx_word' id='word_1_382' title='bbox 2085 3491 2259 3554; x_wconf 65' lang='lat' dir='ltr'><strong>imple!</strong></span> <span class='ocrx_word' id='word_1_383' title='bbox 2268 3526 2281 3548; x_wconf 90' lang='lat'>,</span> <span class='ocrx_word' id='word_1_384' title='bbox 2313 3508 2445 3542; x_wconf 77' lang='lat' dir='ltr'><strong>nanc</strong></span> 
     </span>
     <span class='ocr_line' id='line_1_67' title="bbox 1423 3563 2445 3635; baseline -0.002 -14"><span class='ocrx_word' id='word_1_385' title='bbox 1423 3585 1536 3621; x_wconf 87' lang='lat' dir='ltr'><strong>sese</strong></span> <span class='ocrx_word' id='word_1_386' title='bbox 1543 3572 1725 3635; x_wconf 60' lang='lat' dir='ltr'><strong>igmaro</strong></span> <span class='ocrx_word' id='word_1_387' title='bbox 1736 3571 1947 3619; x_wconf 73' lang='lat' dir='ltr'><strong>corona!</strong></span> <span class='ocrx_word' id='word_1_388' title='bbox 1953 3605 1966 3627; x_wconf 88' lang='lat'>‚</span> <span class='ocrx_word' id='word_1_389' title='bbox 1993 3565 2048 3617; x_wconf 86' lang='lat' dir='ltr'><em>A</em></span> <span class='ocrx_word' id='word_1_390' title='bbox 2047 3569 2272 3633; x_wconf 67' lang='lat' dir='ltr'><strong>agurium</strong></span> <span class='ocrx_word' id='word_1_391' title='bbox 2272 3563 2445 3632; x_wconf 79' lang='lat' dir='ltr'><strong>fatale</strong></span> 
     </span>
     <span class='ocr_line' id='line_1_68' title="bbox 1423 3640 2443 3710; baseline -0.003 -12"><span class='ocrx_word' id='word_1_392' title='bbox 1423 3648 1611 3698; x_wconf 72' lang='lat' dir='ltr'><strong>lon⁰.—</strong></span> <span class='ocrx_word' id='word_1_393' title='bbox 1621 3640 1875 3695; x_wconf 83' lang='lat' dir='ltr'><strong>Celeritas</strong></span> <span class='ocrx_word' id='word_1_394' title='bbox 1888 3652 2064 3710; x_wconf 84' lang='lat' dir='ltr'><strong>raptus</strong></span> <span class='ocrx_word' id='word_1_395' title='bbox 2076 3641 2212 3696; x_wconf 84' lang='lat' dir='ltr'><strong>bene</strong></span> <span class='ocrx_word' id='word_1_396' title='bbox 2228 3652 2443 3697; x_wconf 87' lang='lat' dir='ltr'><strong>notatur</strong></span> 
     </span>
     <span class='ocr_line' id='line_1_69' title="bbox 1423 3720 2443 3790; baseline -0.002 -14"><span class='ocrx_word' id='word_1_397' title='bbox 1423 3722 1596 3777; x_wconf 75' lang='lat' dir='ltr'><strong>verbis</strong></span> <span class='ocrx_word' id='word_1_398' title='bbox 1635 3722 1791 3774; x_wconf 75' lang='lat' dir='ltr'><strong>Pane</strong></span> <span class='ocrx_word' id='word_1_399' title='bbox 1819 3722 1977 3772; x_wconf 79' lang='lat' dir='ltr'><strong>simul</strong></span> <span class='ocrx_word' id='word_1_400' title='bbox 2010 3730 2107 3773; x_wconf 86' lang='lat' dir='ltr'><strong>etc.</strong></span> <span class='ocrx_word' id='word_1_401' title='bbox 2128 3760 2142 3786; x_wconf 89' lang='lat'>,</span> <span class='ocrx_word' id='word_1_402' title='bbox 2178 3720 2231 3773; x_wconf 90' lang='lat' dir='ltr'><strong>in</strong></span> <span class='ocrx_word' id='word_1_403' title='bbox 2257 3721 2443 3790; x_wconf 80' lang='lat' dir='ltr'><strong>quibus</strong></span> 
     </span>
     <span class='ocr_line' id='line_1_70' title="bbox 1424 3797 2442 3854; baseline -0.002 0"><span class='ocrx_word' id='word_1_404' title='bbox 1424 3800 1587 3854; x_wconf 86' lang='lat' dir='ltr'><strong>etiam</strong></span> <span class='ocrx_word' id='word_1_405' title='bbox 1627 3816 1914 3852; x_wconf 90' lang='lat' dir='ltr'><strong>numerum</strong></span> <span class='ocrx_word' id='word_1_406' title='bbox 1950 3797 2181 3850; x_wconf 75' lang='lat' dir='ltr'><strong>observa.</strong></span> <span class='ocrx_word' id='word_1_407' title='bbox 2223 3798 2442 3852; x_wconf 80' lang='lat' dir='ltr'><strong>Dictum</strong></span> 
     </span>
     <span class='ocr_line' id='line_1_71' title="bbox 1425 3873 2434 3940; baseline -0.006 -8"><span class='ocrx_word' id='word_1_408' title='bbox 1425 3876 1527 3931; x_wconf 80' lang='lat' dir='ltr'><strong>hoe</strong></span> <span class='ocrx_word' id='word_1_409' title='bbox 1549 3875 1616 3931; x_wconf 84' lang='lat' dir='ltr'><strong>ad</strong></span> <span class='ocrx_word' id='word_1_410' title='bbox 1640 3873 1767 3929; x_wconf 88' lang='lat' dir='ltr'><strong>illud</strong></span> <span class='ocrx_word' id='word_1_411' title='bbox 1798 3873 2049 3940; x_wconf 70' lang='lat' dir='ltr'><strong>Caesaris,</strong></span> <span class='ocrx_word' id='word_1_412' title='bbox 2094 3876 2257 3937; x_wconf 77' lang='lat' dir='ltr'><strong>Veni,</strong></span> <span class='ocrx_word' id='word_1_413' title='bbox 2290 3878 2434 3936; x_wconf 73' lang='lat' dir='ltr'><em>vidi,</em></span> 
     </span>
     <span class='ocr_line' id='line_1_72' title="bbox 1426 3957 2446 4023; baseline -0.002 -13"><span class='ocrx_word' id='word_1_414' title='bbox 1426 3960 1544 4010; x_wconf 71' lang='lat' dir='ltr'><strong>w’u‘.</strong></span> <span class='ocrx_word' id='word_1_415' title='bbox 1579 3982 1647 3996; x_wconf 92' lang='grc'><strong>--</strong></span> <span class='ocrx_word' id='word_1_416' title='bbox 1674 3957 1974 4022; x_wconf 79' lang='lat' dir='ltr'><strong>Pmperalat</strong></span> <span class='ocrx_word' id='word_1_417' title='bbox 2001 3972 2174 4016; x_wconf 77' lang='lat' dir='ltr'><strong>amor,</strong></span> <span class='ocrx_word' id='word_1_418' title='bbox 2222 3972 2446 4023; x_wconf 85' lang='lat' dir='ltr'><strong>propere</strong></span> 
     </span>
     <span class='ocr_line' id='line_1_73' title="bbox 1427 4033 1822 4090; baseline -0.013 0"><span class='ocrx_word' id='word_1_419' title='bbox 1427 4033 1611 4090; x_wconf 82' lang='lat' dir='ltr'><strong>satisfit</strong></span> <span class='ocrx_word' id='word_1_420' title='bbox 1638 4036 1822 4088; x_wconf 84' lang='lat' dir='ltr'><strong>amori.</strong></span> 
     </span>
    </p>

    <p class='ocr_par' dir='ltr' id='par_1_14' title="bbox 1429 4109 2449 4333">
     <span class='ocr_line' id='line_1_74' title="bbox 1497 4109 2448 4186; baseline 0 -21"><span class='ocrx_word' id='word_1_421' title='bbox 1497 4115 1610 4186; x_wconf 77' lang='lat'><strong>397.</strong></span> <span class='ocrx_word' id='word_1_422' title='bbox 1634 4113 1874 4176; x_wconf 75' lang='lat' dir='ltr'><strong>Male-em,</strong></span> <span class='ocrx_word' id='word_1_423' title='bbox 1899 4130 2016 4182; x_wconf 73' lang='lat' dir='ltr'><strong>quae</strong></span> <span class='ocrx_word' id='word_1_424' title='bbox 2037 4110 2094 4165; x_wconf 87' lang='lat' dir='ltr'><strong>in</strong></span> <span class='ocrx_word' id='word_1_425' title='bbox 2116 4110 2261 4183; x_wconf 79' lang='lat' dir='ltr'><strong>hym.</strong></span> <span class='ocrx_word' id='word_1_426' title='bbox 2282 4109 2448 4165; x_wconf 88' lang='lat' dir='ltr'><strong>Hom.</strong></span> 
     </span>
     <span class='ocr_line' id='line_1_75' title="bbox 1429 4187 2448 4259; baseline -0.007 -12"><span class='ocrx_word' id='word_1_427' title='bbox 1429 4191 1590 4247; x_wconf 84' lang='lat' dir='ltr'><strong>etiam</strong></span> <span class='ocrx_word' id='word_1_428' title='bbox 1636 4189 1782 4243; x_wconf 86' lang='lat' dir='ltr'><strong>audit</strong></span> <span class='ocrx_word' id='word_1_429' title='bbox 1827 4189 1942 4259; x_wconf 79' lang='lat' dir='ltr'><strong>ejus</strong></span> <span class='ocrx_word' id='word_1_430' title='bbox 1979 4207 2179 4242; x_wconf 82' lang='lat' dir='ltr'><strong>vocem.</strong></span> <span class='ocrx_word' id='word_1_431' title='bbox 2235 4187 2319 4245; x_wconf 86' lang='lat' dir='ltr'><strong>De</strong></span> <span class='ocrx_word' id='word_1_432' title='bbox 2363 4187 2448 4241; x_wconf 86' lang='lat' dir='ltr'><strong>illa</strong></span> 
     </span>
     <span class='ocr_line' id='line_1_76' title="bbox 1429 4265 2449 4333; baseline -0.006 -11"><span class='ocrx_word' id='word_1_433' title='bbox 1429 4288 1626 4322; x_wconf 77' lang='lat' dir='ltr'><strong>summa</strong></span> <span class='ocrx_word' id='word_1_434' title='bbox 1647 4287 1738 4322; x_wconf 80' lang='lat' dir='ltr'><strong>ora</strong></span> <span class='ocrx_word' id='word_1_435' title='bbox 1756 4266 1872 4321; x_wconf 81' lang='lat' dir='ltr'><strong>vide</strong></span> <span class='ocrx_word' id='word_1_436' title='bbox 1891 4265 1956 4320; x_wconf 88' lang='lat' dir='ltr'><strong>ad</strong></span> <span class='ocrx_word' id='word_1_437' title='bbox 1974 4266 2058 4321; x_wconf 87' lang='lat'><strong>111</strong></span> <span class='ocrx_word' id='word_1_438' title='bbox 2080 4306 2095 4333; x_wconf 90' lang='lat'>,</span> <span class='ocrx_word' id='word_1_439' title='bbox 2122 4266 2449 4333; x_wconf 74' lang='lat' dir='ltr'><strong>480.—Sim·</strong></span> 
     </span>
    </p>
   </div>
   <div class='ocr_carea' id='block_1_13' title="bbox 1421 4340 2452 4416">
    <p class='ocr_par' dir='ltr' id='par_1_15' title="bbox 1421 4340 2452 4416">
     <span class='ocr_line' id='line_1_77' title="bbox 1421 4340 2452 4416; baseline -0.013 -9"><span class='ocrx_word' id='word_1_440' title='bbox 1421 4350 1638 4416; x_wconf 66' lang='lat' dir='ltr'><strong>plez-das</strong></span> <span class='ocrx_word' id='word_1_441' title='bbox 1666 4364 1814 4409; x_wconf 77' lang='lat' dir='ltr'><strong>nunc</strong></span> <span class='ocrx_word' id='word_1_442' title='bbox 1842 4344 1900 4403; x_wconf 83' lang='lat' dir='ltr'><strong>in</strong></span> <span class='ocrx_word' id='word_1_443' title='bbox 1923 4364 1990 4406; x_wconf 83' lang='lat' dir='ltr'><strong>eo</strong></span> <span class='ocrx_word' id='word_1_444' title='bbox 2011 4344 2246 4403; x_wconf 82' lang='lat' dir='ltr'><strong>cernitur</strong></span> <span class='ocrx_word' id='word_1_445' title='bbox 2264 4383 2282 4413; x_wconf 88' lang='lat'><strong>,</strong></span> <span class='ocrx_word' id='word_1_446' title='bbox 2307 4340 2452 4414; x_wconf 78' lang='lat' dir='ltr'><strong>quod</strong></span> 
     </span>
    </p>
   </div>
  </div>
 </body>
</html>
