3217 5134
829 516 958 609 372
1379 515 1493 582 P.·
1534 515 1887 585 ovum
1943 515 2392 588 NAsoms

820 654 1174 731 Proximus
1206 652 1366 728 huic
1399 655 1665 758 Ampyx
1698 657 1900 731 animi
1933 656 2320 760 plenissima
2355 663 2581 758 magni

815 771 1097 846 Pectora
1120 768 1433 871 Lyncidae
1468 770 1693 867 gladio
1725 773 1936 873 petit3
1971 773 2177 876 inque
2209 775 2503 874 petendo
2846 805 2926 858 185

812 888 1102 962 Dextera
1139 886 1447 983 diriguit,
1486 916 1607 962 nec
1643 888 1812 963 citra
1835 905 2055 978 mota,
2092 916 2213 963 nec
2246 888 2443 964 ultra.

814 1007 910 1080 At
940 1002 1173 1079 Nileus
1194 1059 1216 1093 ,
1250 1004 1366 1106 qui
1402 1031 1474 1080 se
1506 1005 1804 1101 genitum
1840 1004 2266 1107 septemplice
2297 1007 2457 1082 Nilo

812 1121 1190 1195 Ementitus
1226 1136 1402 1210 erat,
1439 1119 1674 1221 clypeo
1702 1150 1974 1223 quoque
2004 1121 2280 1196 flumina
2312 1141 2565 1225 septem

810 1239 1113 1336 Argento
1148 1238 1391 1339 partim
1412 1294 1429 1326 ,
1466 1238 1716 1339 partim
1748 1236 2089 1313 caelaverat
2116 1267 2280 1314 auro
2303 1295 2323 1329 ,

818 1390 854 1421 «
894 1356 1224 1457 Adspice,
1264 1356 1393 1443 ait,
1429 1355 1678 1429 Persen
1700 1410 1720 1444 ,
1755 1372 2002 1430 nostrae
2036 1356 2402 1458 primordia
2431 1361 2699 1455 gentis:
2847 1399 2922 1454 ¹9⁰

815 1506 850 1540 »
892 1475 1141 1569 Magna
1177 1471 1347 1546 feres
1380 1470 1611 1545 tacitas
1643 1469 1880 1546 solatia
1910 1471 2148 1547 mortis
2181 1472 2268 1547 ad
2290 1474 2564 1550 umbras
2617 1527 2622 1533 -

815 1623 851 1656 »
891 1590 955 1662 Α
992 1606 1181 1663 tanto
1216 1587 1529 1664 cecidisse
1562 1587 1731 1661 viro.
1772 1621 1808 1655 υ
1849 1589 2017 1664 Pars
2050 1588 2287 1664 ultima
2314 1589 2499 1665 vocis

806 1706 890 1778 In
922 1703 1143 1779 medio
1177 1731 1537 1807 suppressa
1570 1731 1745 1778 sono
1780 1721 1918 1793 est;
1952 1705 2399 1808 adapertaque
2428 1706 2594 1782 velle

810 1821 952 1896 Ora
980 1820 1173 1921 loqui
1208 1819 1473 1907 credas,
1505 1847 1628 1895 nec
1665 1839 1824 1895 sunt
1854 1849 1932 1896 ea
1963 1822 2190 1924 pervia
2219 1823 2461 1898 verbis.
2631 1832 2638 1837 ’

804 1942 1117 2041 Increpat
1135 1936 1264 2013 hos
1284 1995 1303 2028 ,
1341 1973 1375 2004 α
1398 1937 1720 2039 Vitioque
1743 1938 1992 2028 animi,
2026 1967 2162 2013 non
2192 1938 2526 2029 crinibus,
2552 1940 2811 2043 inquit,
2845 1964 2917 2033 195

810 2093 845 2126 »
892 2058 1266 2155 Gorgoneis
1301 2056 1615 2157 torpetis,
1653 2056 1832 2157 Eryx
1861 2084 1878 2128 ε
1912 2055 2234 2129 incurrite
2265 2084 2572 2145 mecum3

812 2210 848 2243 >›
884 2179 980 2251 -Et
1014 2173 1414 2276 prosternite
1438 2170 1630 2246 bumi
1656 2171 1964 2270 juvenem
1991 2170 2246 2268 magica
2274 2200 2454 2247 arma
2476 2192 2910 2250 moventem.»

807 2294 1207 2366 Incursurus
1239 2307 1382 2364 erat
1406 2319 1427 2363 :¹
1460 2288 1676 2363 tenuit
1705 2287 1986 2385 vestigia
2018 2285 2256 2378 tellus;

808 2408 1269 2506 Immotusque
1304 2403 1470 2478 silex
1490 2459 1509 2491 ,
1547 2420 1927 2504 armataque
1959 2404 2208 2478 mansit
2235 2403 2478 2503 imago.

905 2518 1000 2594 Hi
1036 2538 1368 2603 tamen,ex
1402 2519 1644 2594 merito
1680 2546 1947 2620 poenam
1984 2519 2250 2595 subiere
2279 2550 2296 2595 τ
2329 2521 2448 2596 sed
2480 2549 2653 2597 unus
2839 2557 2925 2595 ’.ιω

806 2634 1008 2712 Miles
1047 2653 1185 2711 erat
1218 2633 1479 2723 Persei,
1517 2662 1645 2735 pro
1685 2663 1820 2735 quo
1855 2635 2016 2711 dum
2050 2655 2314 2738 pugnat
2330 2692 2351 2728 ,
2387 2639 2748 2725 Aconteus,

802 2847 910 2904 est,
931 2835 1216 2891 Thescelus
1236 2834 1295 2889 in
1320 2843 1547 2889 statuam
1574 2850 1825 2886 marmo-

800 2935 950 2971 ream
969 2916 1042 2970 ita
1073 2924 1151 2968 est
1173 2931 1454 2968 conversus
1473 2952 1489 2979 ,
1515 2923 1575 2965 ut
1593 2910 1826 2977 jaculum

802 2995 1045 3048 emittere
1065 2991 1193 3045 velle
1217 2990 1506 3044 videbatur.
1524 2990 1824 3042 EtL-Ges-

803 3082 888 3128 {us
911 3072 984 3126 illi
1009 3080 1098 3124 aut
1117 3067 1309 3122 similes
1322 3067 1487 3122 notati
1504 3066 1645 3120 haud
1665 3066 1822 3119 dubie

803 3151 915 3223 jam
954 3150 1018 3203 ab
1062 3147 1355 3216 antiquiore
1393 3155 1562 3214 poeta.
1605 3143 1823 3197 Etenim

804 3232 967 3287 etiam
1003 3229 1058 3282 in
1100 3225 1398 3299 Polydecte
1438 3236 1491 3279 et
1531 3225 1824 3279 amicorum

802 3306 1263 3367 transformatione
1283 3345 1298 3372 ,
1323 3304 1631 3358 observante
1655 3304 1825 3374 Apol-

805 3389 914 3447 lod-
945 3390 1036 3457 Π,
1076 3403 1164 3453 IV,
1190 3384 1222 3438 3
1255 3404 1269 3437 2
1294 3395 1385 3440 τῶν
1421 3389 1608 3440 idi-artur
1627 3422 1644 3451 ,
1678 3401 1823 3439 οκοὲον

803 3460 990 3527 ’ἑκάστας
1013 3471 1146 3534 ’ἔτυχε
1172 3476 1339 3533 σχῖμα
1371 3467 1493 3531 ῒχων
1508 3502 1525 3529 ,
1556 3463 1822 3525 ἄκελιθῶθι.

808 3546 931 3600 Hoc
952 3562 1079 3615 ergo
1102 3543 1297 3597 Noster
1311 3551 1366 3594 et
1388 3540 1489 3607 IV,
1508 3543 1597 3594 551
1619 3558 1823 3609 sqq.se·

808 3634 1002 3695 quutus
1016 3624 1433 3690 est—Dirigue'fl-
1449 3617 1616 3688 rigida
1627 3628 1680 3671 et
1694 3617 1826 3670 dura

804 3705 938 3758 facta
964 3710 1060 3754 est.
1081 3701 1180 3752 Ed.

875 3780 984 3850 187.
998 3777 1081 3831 A!
1096 3778 1297 3839 Nactus,
1317 3785 1414 3829 etc.
1431 3773 1519 3828 Sic
1534 3773 1752 3828 Turnus
1765 3775 1822 3828 in

803 3858 988 3931 clypeo
1011 3854 1268 3910 Inachum
1304 3851 1524 3905 fluvium
1544 3892 1559 3919 ‚
1596 3852 1718 3920 quia
1757 3853 1820 3906 ab

801 3936 1002 3992 Inacho
1018 3952 1180 4005 genus
1202 3931 1451 3999 ducebat,
1468 3930 1705 3985 celatum
1724 3930 1822 3985 ha·

798 4014 971 4068 bebat.
995 4010 1205 4064 AEneid.
1231 4009 1369 4078 vll,
1397 4011 1821 4082 789.—Pr1'mor-

800 4093 896 4145 dia
910 4132 926 4149 .
963 4091 1126 4159 origo.
1144 4116 1209 4129 —-·
1236 4091 1427 4141 Cadere
1445 4091 1511 4140 ab
1534 4091 1707 4157 aliquo
1729 4108 1824 4158 per

799 4167 1271 4236 breviloquentiam
1297 4166 1488 4219 dicitur
1514 4166 1583 4232 is,
1609 4166 1698 4234 qui
1726 4167 1821 4218 in-

804 4244 1053 4302 terfectus
1066 4248 1131 4300 ab
1148 4267 1212 4301 eo
1227 4246 1377 4300 cadit.
1397 4246 1648 4315 Exempla
1664 4247 1821 4302 habet

800 4327 1160 4393 Burmannus.
1206 4325 1468 4396 Magnum
1490 4336 1669 4379 autem
1695 4326 1814 4380 Ve-

1918 2833 2119 2889 teribus
2141 2843 2253 2889 erat
2273 2833 2518 2888 solatium
2533 2875 2548 2902 ,
2569 2854 2599 2889 a
2617 2852 2804 2906 magno
2822 2834 2919 2887 viro

1919 2911 2108 2967 cadere
2136 2932 2149 2966 :
2176 2911 2294 2967 vide
2321 2911 2386 2967 ad
2412 2913 2521 2981 lx,
2547 2913 2596 2968 6.

1990 2996 2098 3066 195.
2123 2995 2240 3048 Non
2265 2996 2488 3047 crinibus
2501 3035 2515 3057 ‚
2547 2998 2726 3062 inquit.
2759 2990 2920 3047 Codex

1919 3071 2119 3143 Regius
2145 3072 2189 3125 B
2208 3112 2223 3140 ,
2254 3091 2286 3125 a
2311 3073 2484 3143 prima
2510 3091 2675 3127 manu
2691 3113 2708 3141 ,
2750 3075 2922 3127 curu*-

1917 3151 2057 3201 rt'bus
2081 3189 2095 3213 ,
2136 3154 2332 3219 inquioe
2369 3160 2424 3204 et
2464 3170 2494 3204 a
2525 3149 2757 3204 secunda
2782 3191 2797 3217 ,
2836 3167 2920 3201 m

1919 3230 2110 3281 w'n'bus
2127 3268 2139 3287 ‚
2177 3232 2356 3296 nequit.
2384 3226 2571 3282 Codex
2608 3228 2658 3282 A
2678 3268 2693 3296 ,
2729 3247 2826 3281 nou
2844 3230 2920 3279 vi·-

1918 3309 2056 3357 n‘bus
2084 3308 2236 3371 inde,-
2264 3316 2318 3359 et
2348 3324 2410 3359 ea
2440 3306 2661 3360 forsitan
2696 3306 2796 3359 fuit
2817 3322 2922 3359 vera

1917 3383 2333 3437 lectio.Vividior
2347 3395 2487 3439 certe
2503 3403 2603 3438 vox
2625 3388 2758 3448 inde,
2780 3401 2922 3456 quam

1917 3468 2107 3532 inquil,
2129 3473 2183 3517 et
2196 3462 2307 3517 haec
2326 3482 2437 3516 non
2454 3463 2588 3518 adeo
2615 3464 2753 3519 utilis
2770 3487 2785 3529 ς
2808 3482 2922 3534 pre-

1918 3550 2063 3595 terea
2093 3560 2190 3594 vox
2219 3546 2441 3595 crinibus
2463 3541 2686 3612 glossam
2719 3541 2924 3597 redolet.

1918 3621 2018 3672 Ed.
2055 3648 2125 3660 —
2165 3622 2402 3689 Torpere,
2429 3623 2655 3676 verbum
2685 3622 2927 3694 ambigue

1916 3697 2333 3767 significationis,
2361 3718 2527 3769 quum
2552 3701 2688 3754 etde
2702 3703 2809 3755 saxi
2830 3720 2924 3754 na-

1917 3786 2035 3830 tura
2055 3816 2070 3843 ‚
2098 3788 2151 3830 et
2175 3777 2240 3831 de
2265 3777 2482 3834 homine
2504 3780 2665 3834 inerti
2686 3780 2898 3834 dicatur.

1990 3875 2097 3927 ¹97·
2129 3856 2340 3925 Magia-a
2360 3877 2504 3910 arma
2520 3899 2534 3921 ,
2560 3858 2789 3929 magicos
2811 3877 2928 3912 mn-

1917 3939 2001 3984 tus
2013 3971 2028 3998 ‚
2049 3931 2441 3987 incantamenta
2455 3975 2470 4002 ‚
2494 3944 2652 4005 atque
2668 3935 2927 3990 veneficia.

1917 4015 2018 4067 Ed.
2040 4043 2107 4055 —
2132 4018 2360 4085 Veslae'gela
2375 4057 2389 4081 ‚
2416 4017 2593 4087 pedes.

1992 4095 2264 4164 199.Sz·les.
2283 4094 2516 4147 Maxima
2537 4114 2654 4164 pars
2671 4091 2930 4147 Codicum

1917 4170 2263 4225 habents17el.
2288 4171 2430 4242 quod
2447 4173 2632 4244 probat
2645 4171 2899 4224 vivianus
2914 4191 2928 4232 ς

1916 4259 1971 4301 et
1994 4247 2092 4301 hoc
2119 4248 2314 4301 babent
2338 4268 2548 4319 quoque
2575 4247 2722 4318 Regii
2750 4244 2930 4300 nostri.

1974 4345 2089 4391 noo.
2103 4330 2326 4382 Peuma.
2341 4327 2566 4383 Codices
2577 4325 2743 4383 nostri
2756 4322 2925 4396 Regii.
