3217 5134
604 543 1529 614 METAMORPHOSE
1550 545 1688 614 ΟΝ
1736 547 1932 615 LIB.
1984 550 2075 618 V.

2278 547 2404 634 401

280 686 542 787 Vixque
571 702 797 759 movet
823 700 1013 759 natas
1041 711 1163 786 per
1190 684 1429 759 inertia
1457 684 1729 758 brachia
1763 712 2051 788 pennas;

172 872 180 882 .
277 803 610 905 Foedaque
643 801 722 877 fit
752 800 1079 891 volucris,
1115 800 1377 879 venturi
1406 799 1644 876 nuntia
1675 799 1931 892 luctus,

276 921 566 1016 Ignavus
594 916 785 993 bubo
810 972 830 1006 ,
862 916 1083 991 *dirum
1120 915 1518 1011 mortalibus
1554 944 1772 992 omen.

2311 944 2409 998 550

384 1070 422 1103 »
460 1034 595 1109 Hic
630 1051 849 1109 tamen
879 1032 1429 1135 indiciopoenam
1449 1032 1861 1137 ,linguaque
1895 1035 2110 1141 videri

279 1150 768 1228 Commeruisse
793 1167 1063 1252 potest:
1094 1150 1323 1240 vobis,
1361 1150 1758 1227 Acheloides
1780 1210 1800 1242 ‚
1832 1152 2012 1228 unde

278 1268 518 1343 Pluma
545 1267 882 1369 pedesque
910 1266 1166 1355 avium,
1201 1294 1410 1367 quum
1439 1267 1717 1363 virginis
1751 1292 1868 1342 ora
1898 1268 2197 1364 geratis?

276 1387 391 1460 An
427 1384 582 1485 quia
601 1440 621 1472 ‚
662 1411 870 1485 quum
903 1380 1148 1480 legeret
1178 1411 1416 1456 vernos
1448 1383 1847 1484 Proserpina
1877 1383 2074 1459 flores
2100 1441 2119 1473 ,

274 1503 361 1574 In
393 1500 712 1575 comitum
740 1526 1019 1573 numero
1057 1499 1276 1573 mixtae
1296 1556 1315 1588 ‚
1351 1499 1616 1574 Sirenes
1636 1556 1656 1589 ,
1693 1500 1948 1574 eratis?

2311 1524 2409 1579 555

275 1617 503 1714 Quam
534 1633 891 1718 postquam
927 1632 1073 1689 toto
1105 1614 1353 1690 frustra
1384 1616 1714 1716 quaesistis
1745 1615 1820 1690 in
1853 1616 2018 1692 orbe
2043 1674 2063 1706 ,

274 1732 601 1806 Protinus
634 1748 716 1806 ut
741 1749 1024 1806 vestram
1057 1730 1382 1806 sentirent
1414 1758 1682 1831 aequora
1708 1759 1930 1805 curam
1958 1788 1977 1820 ,

269 1849 482 1923 Posse
517 1876 719 1951 super
749 1848 993 1922 fluctus
1027 1846 1283 1921 alarum
1312 1846 1616 1919 insistere
1651 1836 1880 1919 remis·

271 1966 630 2069 Optastis3
666 1965 1024 2065 facilesque
1060 1963 1244 2037 Deos
1280 1962 1614 2037 habuistis
1640 2017 1659 2050 ,
1699 1979 1767 2035 et
1795 1978 1977 2035 artus

269 2082 561 2157 Vidistis
589 2098 844 2156 vestros
879 2078 1121 2183 subitis
1149 2078 1493 2185 flavescere
1525 2076 1784 2179 pennis.

310 2296 323 2306 “
338 2284 597 2339 55ι-563.
615 2285 827 2336 δι”-επακ.
843 2281 982 2336 Nota
999 2290 1123 2334 sunt
1138 2320 1154 2347 ‚
1181 2296 1299 2349 quo

264 2366 582 2427 Homerus,
611 2359 720 2417 od.
741 2372 789 2416 Μ
809 2400 825 2427 ,
851 2361 916 2433 39
935 2378 1048 2429 sqq.
1065 2398 1081 2425 ,
1107 2357 1173 2413 de
1199 2357 1297 2411 Si-

260 2441 495 2498 renibus
526 2439 690 2495 finxit.
732 2437 935 2493 Confer
961 2436 1134 2507 Orph.
1167 2436 1297 2507 Arg.

268 2519 411 2575 1268
456 2537 567 2588 sqq.
594 2557 610 2583 ‚
657 2527 713 2571 et
752 2515 995 2586 Apollon.
1033 2514 1136 2570 Rh.
1175 2515 1293 2581 1V,

264 2603 373 2671 892
404 2615 518 2666 sqq.
568 2597 738 2649 Erant
774 2605 1014 2649 monstra
1055 2593 1292 2661 marina,

265 2695 391 2748 quae
414 2676 557 2728 inter
580 2673 785 2727 Italiam
816 2683 869 2727 et
896 2672 1125 2727 Siciliam
1146 2712 1162 2739 ,
1196 2672 1295 2724 in-

263 2755 442 2809 sulam
487 2749 772 2822 quamdam
812 2750 1144 2816 incolebant,
1185 2767 1294 2801 na·-

269 2851 468 2903 vesque
494 2830 729 2902 appulsas
759 2849 884 2884 voce
922 2828 1117 2883 canora
1144 2827 1294 2882 deti-

268 2911 489 2965 nebant.
508 2909 670 2967 Pater
684 2926 869 2961 earum
882 2905 1108 2960 traditur
1124 2906 1179 2958 A
1181 2907 1294 2957 che·

267 2994 387 3042 lons
403 3005 422 3053 ,⁶
447 2998 675 3041 mtrem
687 2986 886 3040 faciunt
900 2984 985 3038 alii
998 2984 1261 3053 Steropen
1274 3021 1291 3049 ,

272 3067 363 3120 alii
400 3064 789 3135 Terpsichoren
810 3101 826 3130 ,
865 3062 949 3115 alii
991 3061 1297 3133 Melpome-

271 3163 386 3198 nen
412 3153 503 3197 aut
541 3143 832 3211 Calliopen.
865 3141 1042 3194 Etiam
1072 3139 1295 3192 nomina

268 3241 461 3278 earum
477 3222 615 3275 varie
628 3220 953 3274 exhibentur.
966 3222 1017 3273 A
1032 3217 1292 3292 Lycophr.

269 3290 535 3356 vocantur
581 3298 918 3367 Parthenope
937 3337 953 3365 ,
1004 3297 1255 3350 Leucosia
1274 3337 1290 3364 ,

269 3381 438 3451 Ligia.
471 3376 628 3433 Extat
657 3375 936 3432 Claudiani
969 3375 1294 3446 epigramma

270 3461 371 3527 24,
420 3459 479 3512 in
528 3476 649 3525 eas,
697 3455 801 3509 ubi·
832 3454 1015 3509 Barth.
1050 3453 1287 3524 collegit,

269 3548 536 3607 quantum
578 3537 714 3590 satis.
748 3534 904 3589 Adde
948 3533 1175 3588 Bruckb.
1222 3532 1291 3588 ad

269 3614 450 3670 Tibul.
486 3614 587 3681 IV,
615 3631 637 3667 1
659 3653 674 3681 ,
711 3614 792 3688 69.
819 3611 1075 3667 Creditur
1112 3622 1290 3665 autem

266 3694 581 3748 Homerum
616 3692 714 3747 hac
749 3690 922 3746 sabula
966 3690 1288 3761 descripsisse

264 3771 596 3842 voluptatem
614 3766 943 3825 mortiferam
955 3808 970 3835 ,
986 3780 1046 3823 ut
1060 3767 1293 3839 pluribus

268 3848 429 3904 docet
464 3849 645 3903 Bocat.
686 3846 905 3902 Geneal.
939 3844 1102 3899 Deor.
1143 3845 1286 3913 Vll,

268 3946 353 3979 20.
377 3926 445 3980 In
461 3928 791 3997 Proserpinae
810 3926 1060 3978 comitatu
1070 3927 1290 3978 suerunt

269 4005 436 4060 etiam
470 4004 764 4060 secundum
800 4004 1045 4074 Apollon.
1087 4004 1286 4075 Hygin.

269 4087 374 4140 sab.
411 4089 497 4155 ¹4¹
521 4109 537 4150 ς
566 4084 839 4140 Claudian.
863 4084 947 4139 111
968 4126 982 4152 ,
1011 4086 1109 4152 254
1127 4103 1140 4136 ε
1158 4103 1290 4153 pos-

272 4175 449 4220 tremo
470 4162 586 4217 loco
602 4203 617 4231 ,
643 4168 838 4233 rapidis
858 4165 1164 4217 Acheloides
1187 4165 1292 4215 alzlr

275 4244 498 4297 Sublata·
536 4244 703 4297 Sz'culi
736 4246 873 4295 lalus
909 4244 1144 4296 obsedere
1179 4244 1289 4295 Pe-

274 4326 377 4378 Ion‘
388 4334 486 4378 etc.

548 4425 702 4493 III.

2315 2102 2414 2153 560

1463 2280 1573 2333 552.
1602 2279 1763 2332 Unde.
1795 2278 1951 2349 Apud
1971 2279 2280 2352 Hyginum,
2315 2281 2413 2337 si-

1393 2377 1550 2413 renes
1576 2357 1790 2413 Cereris
1813 2360 2083 2414 voluntate
2102 2372 2410 2423 mutantur.

1393 2438 1537 2509 quod
1565 2439 1898 2510 Proserpinae
1916 2439 2164 2493 auxilium
2187 2461 2298 2496 non
2314 2453 2414 2496 tu-

1391 2517 1577 2571 lerant.
1594 2545 1661 2558 —·
1684 2520 1907 2586 mnam&
1922 2539 2014 2570 ora
2026 2524 2231 2585 gemitis.
2251 2519 2415 2593 Supe-

1391 2595 1589 2649 riorem
1606 2605 1812 2665 partem
1821 2595 2085 2650 habebant
2101 2596 2411 2666 virgineam,

1391 2672 1700 2745 inferiorem
1760 2674 2111 2744 gallinaceam.
2167 2676 2412 2746 Fulgent.

1392 2753 1575 2826 Myth.
1605 2754 1701 2821 n,
1746 2774 1821 2808 ιι.

1459 2832 1573 2884 555.
1608 2833 1672 2884 In
1703 2849 1905 2883 numero
1932 2833 2131 2893 meite,
2162 2830 2411 2884 immixta

1391 2928 1622 2962 numero
1641 2930 1655 2976 3
1681 2908 1785 2962 vid.
1800 2908 2412 2964 numanum-Hein-

1390 2987 1496 3041 sius
1510 2986 1737 3040 malebat
1750 2988 1989 3039 ι’ωωιὶτίε
2001 3005 2204 3040 numero
2226 3008 2242 3040 .·
2266 3007 2414 3043 mera

1393 3075 1473 3117 est
1502 3065 1614 3118 haec
1645 3063 1853 3117 Heinsii
1889 3063 2225 3132 emendatio,
2263 3084 2411 3135 neque
2521 3112 2528 3119 .

1391 3162 1451 3197 ac
1475 3162 1593 3213 quae
1627 3143 1863 3213 proxima
1896 3143 2056 3197 venit.
2079 3146 2180 3197 Ed.
2195 3172 2262 3186 -·
2282 3148 2416 3200 Pro-

1390 3229 1527 3277 tinus
1562 3229 1619 3276 in
1645 3230 1887 3289 vestram,
1928 3225 2166 3279 mutabat
2205 3225 2262 3278 in
2310 3245 2411 3279 nou

1387 3308 1556 3357 mt‘nm
1575 3312 1638 3357 nt
1645 3312 1876 3358 umam.
1892 3333 1960 3346 —
1980 3306 2056 3357 Ut
2067 3309 2312 3361 sentirent
2320 3325 2412 3359 cu-

1386 3402 1496 3435 mm
1510 3423 1525 3446 ‚
1549 3393 1609 3437 ut
1628 3384 2000 3456 Proserpinam
2016 3386 2174 3438 etiam
2187 3403 2284 3453 per
2303 3404 2411 3438 ma-

1386 3460 1464 3515 ria
1479 3480 1715 3529 querere
1728 3460 2142 3532 possetis—Ale
2152 3463 2408 3530 frequen-

1386 3549 1470 3593 ter
1492 3560 1614 3593 cum
1650 3542 1868 3595 navium
1902 3547 2055 3594 remis
2082 3559 2407 3610 comparan-

1388 3630 1489 3672 tur.
1515 3623 1797 3690 Beme‘gium
1818 3626 2014 3677 alatum
2036 3631 2113 3674 est
2138 3620 2276 3691 apud
2297 3612 2413 3674 Lu*-

1384 3698 1639 3765 metium,
1666 3699 1779 3767 vl,
1815 3699 1945 3771 7433
1973 3709 2026 3751 et
2055 3697 2192 3768 apud
2223 3698 2407 3770 Virgil.

1387 3774 1674 3849 aliquotiesss
1696 3777 1877 3849 Eut-ip.
1902 3778 2070 3849 Iphig.
2087 3779 2250 3833 Taur.
2273 3780 2371 3853 289
2388 3820 2404 3847 ,

1384 3862 1587 3935 κτιροῖςῖ
1617 3863 1754 3914 ἕσσει.
1780 3858 2065 3928 Reciproca
2085 3869 2163 3912 est
2181 3897 2196 3925 ,
2218 3859 2408 3913 obser-

1383 3948 1540 3990 vante
1608 3936 1782 4003 ervio,
1807 3936 1871 3989 ad
1894 3936 2021 3989 AEn.
2047 3936 2105 4003 I,
2144 3938 2268 4004 224,
2294 3956 2403 3990 na·-

1386 4016 1529 4069 vium
1563 4026 1618 4070 et
1652 4016 1827 4070 avium
1859 4015 2183 4086 metaphora.
2219 4010 2412 4087 ltaque‘
2501 4056 2506 4061 -

1386 4096 1519 4148 remi
1556 4095 1778 4150 vicissim
1816 4095 1981 4148 Hom.
2023 4093 2131 4148 od.
2165 4104 2241 4161 Δ,
2278 4099 2403 4163 124,

1385 4182 1642 4226 vocantur
1656 4174 1807 4250 πτερά.
1822 4201 1891 4214 --
1905 4174 2099 4225 Facms
2118 4169 2266 4225 Deus
2281 4211 2295 4238 ,
2315 4172 2404 4240 qui

1384 4250 1530 4305 facile
1550 4262 1603 4305 et
1627 4251 1852 4323 benigne
1877 4253 2209 4321 obtemperat
2234 4252 2405 4320 preci-

1386 4329 1499 4383 hus.
1521 4358 1586 4370 —
1621 4333 1825 4389 Veslms
1850 4334 2046 4384 subitas.
2076 4328 2261 4384 Codex
2295 4328 2407 4383 Re-

1981 4430 2067 4497 26
