3217 5134
790 489 833 573 4
1566 488 2132 559 PRAEFA‘rm

785 629 947 703 libri
976 625 1291 731 mythici,
1330 642 1432 705 tot
1464 626 1662 702 etiam
1691 629 1937 703 artium
1968 646 2399 706 monumenta
2426 687 2445 721 ‚
2500 660 2648 734 quae
2671 637 2920 737 passim

785 762 868 835 ab
904 790 984 836 eo
1019 788 1327 862 expressa
1360 757 1703 850 videntur,
1740 761 2060 863 perierint
2078 818 2098 852 ,
2133 779 2316 837 certo
2348 761 2565 839 dicere
2587 793 2727 840 non
2756 796 2922 869 pos—

676 866 681 873 .
778 921 1030 968 sumus.
1089 894 1321 995 Itaque
1352 920 1475 967 nec
1506 909 1804 982 constat,
1829 910 2066 969 utrum
2098 894 2243 997 ipse
2275 894 2530 998 aliquid
2562 898 2635 971 in
2667 898 2916 974 fabulis

774 1027 1114 1102 novaverit
1132 1026 1613 1128 addideritque,
1632 1055 1718 1100 an
1742 1026 2125 1113 Graecorum
2146 1046 2403 1103 tantum
2428 1031 2703 1127 vestigia
2725 1061 2914 1133 pres-

771 1159 950 1235 serit.
979 1159 1369 1259 Conjiciunt
1389 1157 1740 1246 nonnulli,
1777 1158 2073 1235 fabulam
2096 1160 2177 1236 de
2201 1162 2483 1265 Pyramo
2520 1182 2589 1240 et
2614 1165 2905 1257 Thisbe,

770 1310 913 1367 tum
970 1290 1240 1366 alteram
1289 1291 1373 1366 de
1423 1291 1817 1367 Philemone
1861 1311 1931 1369 et
1960 1295 2285 1386 Baucide,
2323 1315 2673 1401 utramque
2704 1299 2908 1399 longe

769 1423 1223 1499 suavissimam
1242 1479 1262 1513 ,
1294 1440 1494 1525 atque
1529 1424 1727 1499 etiam
1762 1424 1845 1500 de
1878 1425 2178 1501 Sidoniis
2215 1429 2379 1503 Inus
2405 1431 2768 1507 comitibus
2787 1463 2908 1536 ap-

765 1555 1187 1659 pendiculam
1222 1556 1305 1631 ab
1346 1556 1498 1659 ipso
1528 1584 1671 1632 esse
1703 1556 1954 1646 fictam;
1983 1558 2102 1633 sed
2126 1557 2311 1634 nulla
2337 1560 2481 1660 ejus
2514 1563 2904 1662 conjectura:
2945 1544 2952 1551 ,

763 1718 960 1767 causa
986 1689 1176 1766 reddi
1208 1707 1434 1793 potest
1466 1688 1863 1792 probabilis.
1913 1690 2067 1763 Hoc
2100 1708 2322 1765 autem
2354 1689 2693 1784 videmus,
2729 1696 2902 1770 nihil

757 1826 832 1900 in
865 1826 996 1901 hoc
1032 1853 1269 1922 genere
1295 1822 1730 1899 memorabile
1762 1822 1846 1897 ab
1881 1851 1961 1898 eo
1998 1850 2139 1897 esse
2164 1825 2710 1924 praetermissum,
2739 1830 2900 1907 etin

757 1979 939 2037 tanta
973 1961 1316 2049 varietate,
1350 1988 1484 2061 qua
1515 1957 1731 2060 mythi
1763 1973 1952 2031 erant
1983 1956 2246 2046 traditi,
2281 1959 2607 2035 rationem
2641 1961 2897 2064 ubique

755 2092 889 2169 sere
921 2122 1064 2168 eam
1096 2120 1239 2168 esse
1270 2091 1618 2180 delectam,
1657 2116 1806 2191 quae
1835 2086 1939 2164 vel
1966 2087 2332 2192 plurimum
2364 2110 2638 2169 ornatus
2664 2095 2899 2172 admit-

755 2241 953 2314 teret,
996 2242 1075 2298 ut
1116 2223 1408 2324 impetus
1438 2220 1716 2295 Althaeae
1748 2219 1821 2294 in
1852 2218 2105 2312 filium,
2142 2221 2246 2298 vel
2279 2222 2519 2298 decoro
2552 2255 2894 2304 commen-

755 2357 1055 2443 daretur,
1092 2381 1230 2455 quo
1264 2352 1557 2451 pertinet
1587 2351 1871 2425 mutatio
1902 2353 2090 2449 pueri
2121 2354 2192 2427 in
2225 2354 2598 2430 stellionem
2620 2412 2640 2446 ,
2683 2376 2888 2461 atque
2991 2446 3006 2455 „

752 2487 1029 2591 Cephali
1063 2503 1131 2562 et
1163 2481 1502 2559 Procridis
1535 2480 1703 2569 fata,
1731 2479 1982 2582 quibus
2017 2484 2240 2585 turpia
2264 2485 2591 2563 nonnulla
2624 2490 2710 2565 ab
2736 2490 2886 2569 aliis

748 2638 936 2698 erant
964 2617 1272 2694 admixta.
1312 2615 1534 2713 Quam
1571 2641 1698 2709 ego
1726 2611 1989 2691 laudem
2011 2642 2154 2691 non
2189 2619 2743 2699 contemnendam
2777 2653 2886 2701 ar-

746 2757 983 2831 bitror.
1106 2788 1111 2793 ·
1224 2820 1232 2829 .
1875 2738 1878 2745 ¹

840 2893 1017 2964 Tum
1044 2905 1252 2962 artem
1282 2883 1591 2962 admirari
1624 2885 1814 2977 licet,
1850 2916 1982 2990 qua
2020 2889 2407 2966 foecundum
2437 2910 2653 2993 poetae
2684 2895 2880 2990 inge-

742 3023 927 3097 nium
963 3038 1067 3094 tot
1096 3014 1357 3094 fabulas
1391 3018 1464 3092 in
1491 3019 1696 3093 unlus
1729 3022 2353 3124 corporis-speciem
2387 3026 2770 3126 conjunxit,
2798 3047 2879 3102 ut

739 3182 887 3229 vere
925 3166 1284 3254 perpetuum
1316 3178 1576 3225 carmen
1611 3152 1834 3227 vocari
1876 3170 2123 3253 posset.
2159 3156 2224 3228 A
2257 3155 2592 3233 creatione
2636 3160 2874 3234 mundi

735 3314 1008 3362 exorsus
1035 3283 1352 3360 lectorem
1383 3283 1628 3358 sensim
1651 3340 1670 3371 ,
1708 3302 1777 3359 et
1805 3313 1954 3358 cum
1991 3285 2274 3361 maxima
2310 3288 2454 3388 ejus
2486 3289 2868 3394 voluptate,

736 3419 1003 3495 deducit
1050 3445 1174 3520 per
1206 3416 1504 3491 omnium
1556 3415 1930 3491 seculorum
1979 3418 2214 3491 seriem
2249 3419 2334 3492 ad
2365 3449 2488 3496 sua
2523 3440 2822 3525 tempora
2847 3483 2869 3515 ,

731 3574 983 3629 servata
1016 3571 1378 3654 utcumque
1416 3551 1738 3652 temporis
1788 3550 2063 3625 ratione.
2125 3552 2318 3631 Mille
2367 3556 2575 3653 igitur
2627 3558 2868 3636 modos

728 3687 1018 3773 invenit,
1055 3685 1303 3786 quibus
1339 3684 1422 3758 ab
1450 3683 1575 3757 alia
1610 3681 1836 3759 fabula
1873 3686 2183 3761 transiret
2210 3687 2296 3763 ad
2327 3688 2541 3764 aliam.
2599 3688 2759 3766 Haec
2793 3722 2866 3769 se

729 3819 963 3908 offert,
1002 3818 1159 3919 quia
1208 3813 1578 3890 similitudo
1624 3815 1683 3889 ei
1737 3817 2036 3917 quaedam
2081 3848 2230 3894 cum
2280 3820 2621 3920 superiore
2659 3823 2866 3900 inter·-

726 3949 933 4038 cedit3
967 3949 1115 4034 illa,
1155 3948 1310 4051 quia
1339 3947 1423 4022 ad
1467 3945 1770 4022 eumdem
1818 3946 2153 4025 hominem
2194 3950 2492 4027 Deumve
2541 3955 2862 4055 pertinet,

722 4100 838 4157 aut
864 4082 1020 4185 quia
1044 4110 1150 4156 res
1182 4081 1249 4154 in
1278 4079 1500 4156 eadem
1529 4096 1701 4155 terra
1727 4097 1909 4175 gesta
1930 4098 2050 4155 est.
2082 4083 2249 4156 Mox
2273 4080 2501 4184 hymni
2527 4103 2862 4162 canuntur

710 4213 1340 4316 metamorphoseon
1388 4210 1604 4313 pleni,
1641 4240 1796 4287 mox
1828 4211 2140 4289 mulieres
2181 4230 2420 4289 texunt
2464 4236 2854 4314 argumenta
