3217 5134
771 534 903 600 310

1323 531 1402 595 P.
1467 526 1829 597 OVIDII
1874 525 2330 596 NASONIS

771 668 1036 744 Crudus
1068 668 1316 756 humo;
1357 666 1819 767 tumulumque
1846 693 2048 766 super
2073 665 2287 761 gravis
2317 663 2505 739 addit
2535 694 2764 741 arenas.
2804 689 2901 759 240

767 784 1071 885 Dissipat
1098 783 1276 857 hunc
1308 782 1512 856 radiis
1548 781 1935 882 Hyperione
1969 798 2205 868 natus;
2237 779 2499 881 iterque

771 900 910 975 Dat
943 900 1100 988 tibi,
1141 927 1276 1000 quo
1310 899 1532 999 possis
1561 897 1866 973 defossos
1898 925 2204 1000 promere
2235 895 2486 971 vultus.

773 1019 914 1090 Nec
947 1032 1017 1089 tu
1047 1016 1180 1114 jam
1212 1032 1477 1115 poteras
1509 1032 1814 1090 enectum
1847 1012 2140 1115 pondere
2175 1029 2366 1086 terrae

772 1129 1072 1219 Tollere,
1102 1131 1433 1232 nympha,
1471 1149 1703 1233 caput;
1740 1158 2117 1232 corpusque
2155 1157 2485 1225 exsangue
2508 1130 2794 1230 jacebas.

773 1248 889 1322 Nil
920 1247 1041 1321 illo
1077 1246 1287 1320 fertur
1315 1244 1660 1320 volucrum
1690 1246 2072 1320 moderator
2104 1274 2432 1348 equorum

2806 1268 2898 1337 245

775 1365 946 1438 Post
977 1362 1477 1439 Phaethonteos
1507 1362 1750 1439 vidisse
1784 1361 2120 1438 dolentius
2152 1363 2359 1459 ignes.

772 1479 898 1554 Ille
935 1480 1202 1581 quidem
1234 1479 1490 1574 gelidos
1520 1480 1858 1555 radiorum
1893 1480 2150 1554 viribus
2184 1495 2398 1565 artus,

775 1596 853 1671 Si
885 1614 1118 1697 queat,
1155 1597 1227 1670 in
1261 1596 1479 1671 vivum
1516 1615 1727 1671 tentet
1757 1623 2061 1671 revocare
2097 1592 2419 1679 calorem;

780 1710 908 1785 Sed
931 1768 951 1801 ,
987 1711 1296 1813 quoniam
1335 1712 1534 1785 tantis
1567 1710 1778 1786 fatum
1814 1710 2166 1785 conatibus
2203 1709 2470 1796 obstat,

776 1828 1054 1901 Nectare
1091 1826 1370 1902 odorato
1403 1829 1648 1929 sparsit
1680 1856 2058 1930 corpusque
2094 1825 2486 1927 locumque,
2812 1848 2899 1901 250

782 1944 1135 2045 Multaque
1158 1963 1610 2046 praequestus,
1647 1980 1682 2012 «
1709 1948 1974 2041 Tanges
2010 1962 2227 2018 tamen
2262 1943 2537 2029 aethera,
2572 1973 2607 2006 »
2647 1940 2827 2017 dixit.

777 2067 1095 2140 Protinus
1129 2066 1462 2142 imbutum
1491 2068 1732 2143 caelesti
1765 2083 2032 2141 nectare
2072 2092 2319 2165 corpus

780 2179 1114 2267 Delicuit,
1150 2197 1521 2278 terramque
1561 2204 1685 2251 suo
1723 2177 2076 2251 madefecit
2109 2178 2348 2252 odore·
2333 2237 2350 2267 ‚

778 2298 1115 2396 virgaque
1148 2323 1267 2396 per
1300 2292 1529 2389 glebas
1563 2292 1807 2368 sensim
1842 2292 2182 2367 radicibus
2217 2295 2381 2369 actis

782 2418 997 2493 Turea
1029 2419 1350 2506 surrexit,
1388 2417 1850 2519 tumulumque
1882 2416 2218 2492 cacumine
2245 2419 2449 2519 rupit.

2804 2439 2897 2493 255

877 2541 974 2614 At
1007 2538 1312 2639 Clytien,
1353 2538 1651 2639 quamvis
1682 2568 1868 2614 amor
1899 2567 2206 2615 excusare
2242 2538 2541 2615 dolorem

782 2661 1239 2762 Indiciumque
1272 2659 1467 2734 dolor
1495 2679 1797 2763 poterat,
1832 2690 1969 2736 non
2006 2661 2290 2764 amplius
2322 2681 2554 2737 auctor

786 2788 985 2862 Lucis
1016 2786 1191 2867 adit:
1230 2788 1617 2888 venerisque
1656 2787 1927 2861 modum
1959 2788 2086 2861 sibi
2115 2788 2273 2862 fecit
2303 2787 2377 2862 in
2406 2786 2540 2862 illa.

784 2909 1033 2985 Tabuit
1070 2938 1148 2984 ex
1183 2908 1299 2984 illo
1336 2909 1672 2985 dementer
1706 2912 2045 2987 amoribus
2077 2940 2240 3000 usa,

788 3112 1017 3167 Romani
1041 3111 1199 3165 etiam
1228 3113 1282 3165 in
1319 3113 1545 3184 virgines
1561 3114 1799 3170 Vestales

788 3188 1290 3244 animadverterunt.
1303 3191 1430 3243 Bon
1439 3195 1797 3258 m.-Cmdas,·

784 3266 1038 3334 crudelis,
1064 3267 1293 3320 immitis.
1329 3268 1446 3321 Hoc
1459 3268 1574 3325 loco
1601 3269 1799 3324 Fama-

783 3347 900 3401 bius
927 3364 1136 3415 quoque
1161 3344 1446 3413 suspicatur
1477 3346 1698 3400 allusum
1732 3347 1795 3402 ad

783 3422 1093 3497 supplicium
1125 3422 1423 3476 Vestalium.
1454 3425 1554 3475 Ed.
1593 3466 1600 3473 .

849 3504 959 3568 ²4¹·
973 3503 1238 3568 Dtirssjoast
1255 3499 1518 3554 Gebhard.
1535 3500 1618 3567 11,
1637 3499 1797 3571 Crep.

784 3601 849 3654 9,
891 3581 981 3636 dat
1013 3583 1189 3634 dieekit
1218 3601 1280 3635 ex
1316 3581 1476 3636 MSS.
1513 3610 1581 3622 —
1607 3582 1799 3637 Monet

783 3660 864 3713 vir
896 3659 1221 3715 doctissimus
1253 3661 1306 3714 in
1333 3661 1550 3716 Miscell.
1574 3660 1797 3717 Observ.

787 3735 889 3791 vol.
926 3737 1013 3802 ll,
1041 3748 1167 3790 tom.
1199 3755 1250 3804 1,
1285 3758 1332 3807 p.
1360 3738 1424 3792 35
1448 3777 1463 3805 ‚
1499 3738 1679 3792 Solem
1712 3738 1798 3791 hic

787 3813 1020 3868 officium
1045 3825 1287 3883 prostare
1306 3853 1322 3880 ‚
1357 3814 1497 3884 quod
1525 3834 1650 3867 cum
1678 3833 1798 3868 om-

784 3892 937 3947 nibus
965 3890 1121 3945 radiis
1155 3902 1397 3962 pra-,stare
1439 3902 1682 3960 nequeat.
1724 3891 1797 3946 At

779 3969 837 4024 in
873 3969 1067 4043 mythis
1101 3988 1216 4025 non
1250 3969 1535 4039 queritur,
1573 3968 1700 4038 quid
1734 3988 1797 4023 ex

780 4046 980 4117 legibus
1015 4059 1216 4103 natura
1249 4047 1362 4101 lieri
1401 4048 1666 4119 potuerit3
1703 4047 1797 4102 sed

779 4124 881 4180 ille
903 4136 1164 4180 novantur
1179 4137 1234 4180 et
1252 4126 1340 4181 Dii
1365 4127 1543 4180 omnia
1563 4135 1796 4196 possunt.

777 4232 845 4246 —
866 4207 1262 4271 Phaethontea&
1294 4206 1543 4260 Heinsius
1566 4206 1665 4276 legi
1684 4205 1796 4259 vult

779 4287 1622 4342 Phaethontiacos.—Pbaetbonlei
1633 4290 1792 4355 ques,

1893 3114 2099 3169 fulmen
2115 3132 2220 3183 quo
2235 3111 2517 3168 Phaethon
2532 3120 2763 3167 necatus.
2769 3111 2891 3166 Vide

1958 3273 2070 3338 248.
2079 3193 2288 3324 lqeqaget.
2310 3268 2534 3324 Codices
2549 3271 2719 3324 nostri
2736 3268 2893 3339 Regii,

1893 3356 2090 3406 tentat:
2119 3350 2291 3403 forsan
2305 3347 2511 3403 rectius.
2530 3350 2716 3410 Ed-
2736 3351 2897 3403 Tantis

1891 3430 2200 3492 conalibus,·
2251 3426 2502 3481 Heinsius
2535 3424 2726 3481 suadet
2750 3432 2898 3480 mm.

1891 3534 1959 3548 -—
1990 3507 2187 3574 Tanges
2207 3508 2419 3567 ethera,
2445 3505 2569 3574 quia
2589 3504 2745 3574 thus,
2770 3502 2897 3576 quod

1893 3583 2163 3650 adoletur,
2191 3602 2400 3637 sursum
2428 3583 2644 3637 tollitur.

1958 3662 2071 3715 253.
2105 3664 2344 3715 Belicam.
2388 3658 2573 3714 Codex
2598 3659 2795 3730 Regius
2823 3658 2900 3721 A,

1892 3741 2141 3804 Dele'lui!,·
2168 3739 2320 3793 male.
2348 3740 2446 3792 Ed.
2476 3766 2542 3777 —
2561 3740 2902 3807 Damnem

1892 3837 2036 3872 nunc
2046 3817 2112 3871 de
2125 3837 2345 3889 corpore
2361 3835 2553 3882 crasso,
2569 3815 2713 3885 quod
2730 3811 2903 3870 transit

1892 3898 1949 3951 in
1978 3909 2137 3951 tenue
2167 3897 2375 3967 planta.

1957 3976 2068 4030 256.
2097 3976 2261 4047 Clytie
2277 3981 2333 4029 in
2355 3978 2718 4042 helt‘olmpae‘nn.

1956 4055 2069 4107 258.
2092 4055 2327 4115 Modum,
2355 4052 2536 4107 finem.
2558 4048 2892 4122 Propertss,

1889 4148 2003 4198 ΧΠ,
2038 4132 2105 4185 30
2129 4151 2144 4185 :
2178 4135 2337 4187 Verus
2356 4151 2501 4185 aanor
2514 4134 2712 4185 nullm
2733 4132 2901 4184 habete

1888 4214 2030 4263 novit
2042 4212 2256 4263 modum.
2284 4238 2351 4252 -
2372 4212 2642 4263 Demnler
2661 4209 2901 4262 muzus

1888 4292 1990 4353 uti,
2009 4287 2197 4343 insano
2218 4306 2399 4344 amore
2420 4286 2739 4358 Βίῳ-ιη.-
2752 4287 2902 4355 Nym·
