3217 5134
592 569 1678 643 METAMORPHOSEON
1730 570 1933 641 LIB.
1994 573 2085 643 V.

266 713 475 793 Ponit
493 771 512 806 ‚
547 734 616 791 et
648 734 959 792 extenuat
989 744 1389 814 magnorum
1419 714 1590 790 faeta
1623 716 1924 789 Deorum
1951 770 1970 805 ‚

265 834 740 935 Emissumque
778 833 908 907 ima
949 832 1030 908 de
1065 832 1219 908 sede
1249 832 1574 936 Typhoea
1605 849 1796 906 terrae

2271 571 2395 640 381

2105 780 2110 789 .
2305 735 2405 787 3220

2101 804 2168 859 ἢ..

271 948 620 1026 Caelitibus
650 948 881 1024 fecisse
910 967 1201 1037 metum;
1239 965 1651 1049 cunctosque
1683 944 1952 1021 dedisse

268 1068 485 1163 Terga
513 1065 722 1162 fugae3
759 1064 974 1140 donec
1004 1065 1214 1140 sessos
1246 1064 1566 1167 AEgyptia
1596 1061 1804 1136 tellus

271 1181 545 1282 Ceperit
565 1237 586 1270 ‚
624 1198 693 1256 et
725 1199 981 1283 septem
1016 1180 1342 1256 discretus
1377 1180 1451 1253 in
1486 1177 1661 1253 ostia
1692 1175 1913 1251 Nilus·

270 1307 426 1381 Huc
463 1334 733 1407 quoque
768 1307 1165 1402 terrigenam
1193 1305 1449 1381 venisse
1482 1302 1810 1405 Typhoea
1835 1316 2104 1388 narrat,

2310 1319 2410 1372 325

269 1432 362 1504 Et
396 1457 465 1504 se
500 1429 797 1503 mentitis
829 1429 1125 1530 Superos
1161 1427 1402 1504 celasse
1436 1426 1711 1523 figuris3

279 1585 315 1617 κ
355 1553 645 1653 Duxque
682 1552 936 1648 gregis,
972 1550 1182 1641 dixit,
1218 1549 1296 1625 fit
1329 1549 1644 1652 Jupiter:
1672 1544 1853 1620 unde
1887 1543 2179 1619 recurvis

271 1761 521 1815 tuebatur
540 1802 555 1829 ,
579 1771 700 1815 uter
718 1762 1035 1817 certantium
1048 1766 1192 1830 prior
1211 1760 1296 1814 di·-

269 1851 433 1895 ceret.
455 1842 613 1897 Nunc
633 1861 739 1896 una
766 1841 1038 1897 Pieridum
1063 1842 1173 1910 ipsa
1192 1841 1296 1894 hoc

271 1922 369 1976 sibi
390 1932 613 1993 arrogat.
634 1922 859 1977 Lenzius
871 1941 999 1975 vero
1021 1920 1094 1974 sic
1116 1921 1295 1973 inter-

270 1999 465 2069 pungit
483 2040 499 2068 ,
529 2007 651 2054 tunc
665 2040 680 2064 ‚
706 2005 819 2053 sine
838 2005 974 2053 sorte
986 2039 1001 2062 ,
1016 2003 1171 2066 μίαν,
1192 2015 1300 2064 que

272 2096 330 2129 se
351 2089 452 2131 etc.
472 2118 488 2145 ,
522 2089 582 2131 ut
597 2082 743 2146 prior
767 2077 834 2130 sit
859 2086 990 2129 natu
1012 2074 1186 2143 major
1207 2091 1302 2129 seu

272 2155 517 2209 maxima.
551 2155 733 2225 Turpe
762 2164 941 2208 autem
978 2152 1094 2205 Diis
1131 2169 1302 2220 argu-

274 2245 525 2287 mentum
554 2242 669 2285 erat
691 2229 938 2286 carminis
968 2247 1075 2298 seq.
1098 2256 1167 2270 —
1186 2230 1302 2282 Po-

269 2332 391 2366 nere
405 2314 461 2364 in
475 2313 682 2371 honore,
703 2307 926 2362 reddere
947 2307 1269 2361 honoratum
1282 2346 1297 2373 ,

270 2389 762 2447 commemorandis
781 2390 894 2458 ejus
911 2387 1205 2442 virtutibus.
1221 2388 1302 2442 si-

266 2469 664 2536 militer-ponere
672 2472 727 2521 e'n
734 2472 918 2535 grath,
941 2464 1052 2520 Cic.
1066 2464 1298 2534 Attiev,

272 2562 347 2601 111
364 2586 381 2613 ‚
430 2566 449 2599 ι
465 2567 483 2599 ι
516 2566 530 2599 :
554 2541 669 2598 vid.
684 2545 896 2600 Ernesti
936 2544 1081 2599 Clav.
1100 2543 1224 2607 cic.
1248 2562 1299 2597 v.

268 2631 460 2695 (tattia-
481 2652 550 2666 —
569 2627 856 2688 Extenuat,
881 2622 1166 2677 imminuit.

278 2744 283 2749 ι
343 2704 460 2758 321.
489 2706 753 2775 Typhoeus
784 2715 875 2758 aut
903 2706 1114 2777 Typhon
1145 2702 1300 2775 (Τυ-

282 2789 454 2855 φωεὺς,
482 2781 686 2853 Τυφὼν)
711 2793 1010 2837 monstrum
1029 2782 1264 2836 immane
1280 2821 1296 2849 ,

282 2861 423 2931 quod
437 2861 626 2928 Terra,
642 2862 856 2916 devictis
866 2861 1181 2933 Gigantibus
1193 2880 1300 2914 ma·

281 2941 357 3009 gis
383 2941 682 2994 exacerbata
702 2980 717 3008 ,
756 2959 786 2994 e
822 2940 1049 2993 Tartaro
1081 2940 1300 3009 peperit.

280 3021 335 3074 Is
356 3030 412 3073 et
434 3021 542 3089 ipse
564 3020 752 3074 calum
782 3017 1103 3089 oppugnavit
1127 3056 1143 3084 ,
1181 3018 1302 3086 jac-

282 3098 450 3168 tisque
473 3116 598 3152 cum
621 3098 772 3152 sibilo
793 3108 848 3151 et
869 3098 1031 3150 boatu
1055 3094 1302 3149 canden-

282 3177 421 3231 tibus
432 3178 564 3231 saxis
577 3175 723 3230 Deos
739 3176 945 3229 terruit.
961 3173 1180 3228 Hesiod.
1198 3172 1301 3227 Tb.

285 3253 384 3308 διο
394 3273 507 3324 sqq.
524 3276 540 3319 ς
564 3251 811 3324 Apollod.
828 3253 855 3306 1
871 3294 885 3313 ‚
904 3266 963 3304 vr
981 3291 997 3318 ,
1016 3252 1078 3313 ὃς
1100 3249 1301 3304 Anton.

284 3333 399 3386 Lib.
414 3349 594 3387 xxmt
608 3343 663 3387 et
678 3347 829 3386 xtvn
846 3354 860 3397 ς
883 3328 1055 3386 Schol.
1070 3326 1304 3401 AEschyti

284 3411 349 3465 ad
367 3412 547 3467 Prom.
565 3411 657 3465 351
681 3433 695 3474 3
722 3408 978 3482 Hygsab.
1006 3409 1097 3460 152
1112 3416 1169 3459 et
1195 3406 1303 3478 196.

285 3490 333 3545 E
350 3490 701 3561 descriptione
728 3487 947 3542 Hesiodi
973 3486 1118 3542 facile
1144 3504 1305 3555 appa·

284 3581 395 3637 ret,
416 3578 602 3622 ventos
613 3566 944 3638 procellosos,
959 3574 1136 3618 motus
1151 3576 1305 3618 terre

284 3649 631 3718 flammasque
660 3645 786 3700 inde
819 3654 1159 3713 erumpentes
1183 3642 1307 3696 huic

282 3729 487 3784 fictioni
502 3726 763 3798 originem
781 3724 998 3778 dedisse.
1014 3724 1157 3792 Fuga
1168 3721 1311 3775 Deo·.

284 3826 409 3861 rum
438 3815 768 3881 mutatorum
789 3804 843 3856 in
866 3802 1159 3873 AEgyptum
1177 3839 1194 3868 ,
1217 3798 1306 3852 ubi

286 3885 378 3940 Dii
392 3883 687 3940 sub'sormis
699 3882 1048 3937 animantium
1064 3877 1307 3933 coleban-

286 3978 395 4035 tur,
411 3962 589 4020 addita
606 3974 704 4031 est,
726 3973 786 4016 ut
803 3961 985 4031 religio
999 3958 1308 4032 AEgyptiaca

286 4039 998 4115 accommodaretur‘Grncoe.
1008 4037 1209 4090 Eadem
1221 4035 1308 4106 igi·

289 4138 379 4183 tur
416 4124 695 4181 tradebant
728 4121 1022 4178 sacerdotes
1057 4110 1309 4190 AEgypffl.

288 4205 571 4281 Hyginus,
602 4203 664 4256 P.
694 4204 757 4256 Α.
781 4201 870 4267 11,
898 4201 978 4254 28.

357 4287 471 4340 322.
489 4285 810 4351 Cunctosqne.
831 4278 1015 4334 Codex
1040 4274 1311 4331 Basileen-

290 4363 378 4432 sis,
396 4363 588 4432 Margo
608 4358 829 4433 Micyui,
846 4355 1073 4429 Gryphii
1088 4353 1311 4408 etBers·

1390 1757 1611 1825 manni,
1639 1761 1896 1826 w’ctosque
1912 1794 1926 1818 ,
1956 1751 2098 1824 quod
2112 1771 2223 1806 non
2245 1751 2419 1822 displi-

1391 1837 1545 1891 cebat
1574 1835 1817 1890 Heinsio.
1852 1832 2078 1888 Codices
2101 1831 2270 1885 nostri
2298 1848 2419 1885 ser-—

1395 1922 1524 1967 vant
1544 1919 1753 1966 cunctos
1767 1952 1782 1975 ,
1823 1910 1967 1980 quod
1991 1909 2197 1962 rectius.
2219 1910 2320 1961 Ed.

1461 1991 1577 2043 325.
1623 1991 1954 2057 Terrigenae&
1990 1995 2190 2054 Γηγενῆς
2227 1984 2420 2039 dicitur

1396 2065 1558 2118 etiam
1583 2064 1850 2137 AEschylo.
1875 2065 1924 2117 A
1938 2063 2156 2116 Junone
2174 2079 2421 2132 procrea-

1398 2155 1487 2197 tur
1521 2143 1579 2195 in
1613 2142 1668 2195 h.
1704 2142 1761 2195 in
1799 2139 1970 2210 Apoll.
2003 2139 2102 2194 306
2135 2159 2245 2209 sqq.
2276 2179 2292 2206 ,
2331 2140 2421 2192 ubi

1397 2222 1486 2277 hic
1506 2218 1722 2292 mythus
1754 2218 1905 2273 aliter
1928 2227 2191 2272 narratur.
2219 2216 2334 2286 Qui
2363 2217 2421 2270 in

1394 2300 1548 2354 aliam
1572 2300 1803 2353 sormam
1828 2305 2106 2351 transeunt
2123 2335 2139 2363 ,
2176 2313 2238 2348 ea
2258 2314 2318 2349 se
2336 2314 2424 2348 ce-

1392 2382 1503 2433 late
1516 2377 1781 2431 dicuntur.
1799 2374 1878 2428 vl
1893 2414 1909 2442 ,
1941 2395 1962 2428 1
1974 2394 2035 2428 xo
2047 2413 2063 2441 ,
2085 2373 2246 2428 etiam
2263 2375 2418 2435 abdi,

1394 2470 1455 2514 ut
1465 2499 1481 2527 ,
1497 2461 1524 2514 1
1546 2459 1733 2512 Amor.
1750 2473 1787 2509 x
1800 2496 1816 2523 ‚
1842 2456 1874 2510 3
1887 2493 1902 2522 ,
1909 2457 2103 2524 plumis
2117 2456 2325 2507 abditus
2339 2455 2421 2506 al·

1394 2542 1489 2592 bis.
1500 2563 1570 2578 —
1585 2537 1805 2589 Mentiri
1814 2532 2043 2603 aliquem
2058 2531 2328 2602 eleganter
2341 2530 2420 2585 di-

1394 2618 1532 2674 citur
1548 2658 1564 2686 ,
1582 2617 1673 2687 qui
1694 2615 1925 2669 sormam
1941 2615 2056 2682 ejus
2078 2611 2270 2666 induit.
2283 2608 2420 2664 Vide

1395 2699 1522 2753 Intt.
1536 2696 1601 2751 ad
1620 2694 1714 2750 sil.
1728 2695 1805 2763 11,
1823 2694 1937 2763 637.
1957 2692 2227 2762 Quaerunt
2241 2700 2420 2745 antem

1394 2773 1741 2831 Grammatici
1761 2811 1778 2840 ,
1819 2781 2004 2825 utrum
2036 2773 2239 2822 mentiti
2259 2768 2424 2822 etiam

1395 2874 1480 2908 res
1502 2853 1746 2907 dicantur
1759 2890 1775 2917 ,
1800 2859 1954 2918 atque
1977 2851 2029 2902 τὶ
2051 2851 2287 2899 meamus
2302 2845 2423 2899 ubi-

1397 2950 1499 3002 que
1519 2929 1682 2983 active
1704 2927 1810 2981 sive
1828 2922 2140 2979 neutraliter
2152 2920 2423 2991 accipien-

1398 3012 1528 3066 dum
1545 3011 1613 3065 sit
1628 3051 1645 3077 ‚
1672 3027 1738 3062 an
1757 3006 1952 3077 passive
1978 3005 2032 3057 in
2051 3003 2160 3057 istis
2175 3002 2424 3073 exemplis

1397 3089 1731 3161 capiendum.
1756 3086 1894 3139 Vide
1914 3083 2178 3139 Schwarz.
2195 3081 2260 3135 ad
2284 3081 2422 3135 Plin.

1400 3170 1533 3224 Pan.
1555 3169 1637 3221 81.
1662 3166 1809 3220 Insra
1827 3164 1880 3219 X
1901 3203 1917 3230 ,
1949 3165 2045 3235 ¹⁵9
2061 3201 2076 3230 ,
2100 3162 2424 3214 mendacibus

1389 3250 1574 3315 penm's
1583 3244 1649 3298 de
1655 3244 1691 3297 J
1694 3262 1789 3297 ove
1802 3242 1859 3295 in
1873 3239 2101 3310 aquilam
2113 3257 2205 3292 mu
2211 3235 2420 3290 tato.De

1398 3324 1497 3378 hac
1523 3324 1768 3377 Deorum
1807 3316 2267 3374 transformatione
2300 3312 2420 3367 vide

1400 3401 1664 3456 Eratosth.
1695 3411 1930 3464 xerxen,
1955 3415 2067 3465 cap.
2096 3414 2193 3465 27;
2221 3391 2423 3463 Hygin.

1400 3479 1711 3544 αἱςιῑειοάη
1727 3480 1928 3532 Aaron.
1944 3460 2058 3527 Lib.
2069 3471 2120 3525 d.
2137 3472 2188 3537 ι.,
2202 3469 2291 3522 ubi
2303 3467 2422 3533 aua,

1400 3577 1561 3629 quam
1597 3558 1687 3611 hic
1711 3596 1728 3624 ‚
1764 3552 2052 3608 animantia
2081 3564 2423 3615 commemo-

1399 3649 1619 3704 rantur,
1646 3635 1743 3689 sub
1769 3650 1998 3702 quorum
2025 3628 2206 3699 figuris
2230 3626 2319 3679 Dii
2345 3624 2424 3678 la—

1400 3720 1617 3773 tuerint.
1649 3715 1838 3782 Neque
1863 3712 1932 3766 ibi
1956 3710 2170 3779 Jupiter
2193 3717 2247 3760 et
2272 3706 2423 3759 Juno

1403 3805 1702 3858 mutantur,
1722 3789 1813 3844 sed
1830 3799 2015 3842 contra
2039 3787 2285 3839 Minerva
2300 3801 2424 3837 cum

1404 3874 1513 3928 aliis
1526 3872 1642 3926 Diis
1654 3863 2126 3936 additur-Apollod.
2144 3863 2244 3916 hoc
2253 3880 2426 3914 unum

1404 3952 1563 4007 babel
1577 3990 1591 4016 ,
1615 3954 1698 4008 τὰς
1714 3951 1839 4006 ἰδίας
1853 3948 2093 4014 partiendos
2110 3947 2172 4001 εἷς
2187 3951 2301 4004 ζῶα.
2319 3938 2426 3991 Ειι·

1400 4030 1509 4085 seb.
1527 4028 1809 4095 Praeparat.
1830 4021 2029 4090 Evang.
2050 4038 2097 4089 p.
2116 4019 2199 4084 31,
2215 4025 2420 4083 monet,

1404 4128 1466 4162 ex
1482 4107 1577 4160 hac
1592 4104 1757 4158 Deor.
1770 4098 2228 4156 transformatione
2245 4105 2424 4148 ortum

1405 4204 1515 4241 esse
1541 4200 1731 4238 eorum
1750 4180 1952 4234 cultum
1975 4175 2111 4247 apud
2133 4173 2425 4247 AEgyptios.

1472 4267 1586 4336 3²7·
1611 4266 1738 4316 Dux
1756 4265 1922 4330 gregis
1936 4300 1950 4321 ,
1979 4259 2166 4311 hircus.
2185 4283 2252 4297 --
2265 4253 2427 4310 Peri-

1409 4344 1610 4418 phrasis
1632 4353 1712 4399 est
1733 4342 1926 4399 arietis.
1964 4340 2104 4397 Nam
2135 4336 2346 4407 Jupiter
2371 4351 2428 4387 se
