3217 5134
775 487 928 585 „³04

1319 446 1438 553 Ἃ).
1486 485 1846 558 ov1n11
1893 484 2363 555 NASONIS
2464 496 2472 505 ·

793 663 829 695 »
869 630 1000 714 Ut,
1040 653 1212 727 quos
1248 653 1432 701 serus
1466 654 1687 715 amor,
1725 654 1899 728 quos
1931 625 2098 700 hora
2133 626 2497 701 novissima
2522 627 2748 729 junxit
2771 685 2791 717 ,

797 779 831 811 »
901 742 1213 844 ,omponi
1247 741 1507 818 tumulo
1538 771 1677 816 non
1712 742 2060 817 invideatis
2098 741 2370 816 eodem!

799 894 835 926 »
874 860 971 934 At
1005 876 1113 948 tu,
1155 887 1301 960 quae
1330 859 1529 934 ramis
1565 858 1769 933 arbor
1802 852 2177 934 miserabile
2211 886 2460 960 corpus

802 1008 836 1041 ι)
874 977 1072 1050 Nunc
1106 976 1277 1072 tegis
1310 976 1543 1063 unium,
1572 1004 1733 1050 mox
1764 1003 1837 1050 es
1874 993 2128 1050 tectura
2162 974 2483 1064 duorum,

802 1125 839 1157 >›
877 1090 1083 1187 Signa
1121 1109 1269 1167 tene
1306 1091 1543 1180 caedis3
1577 1090 1937 1193 pullosque
1963 1147 1982 1180 ,
2019 1110 2088 1167 et
2117 1091 2414 1167 luctibus
2448 1109 2642 1194 aptos

2846 1113 2939 1164 16⁰

805 1242 839 1273 »
881 1208 1158 1309 Semper
1187 1206 1365 1282 habe
1396 1206 1637 1294 foetus,
1675 1208 2389 1303 geminimonumenta
2421 1206 2700 1283 cruoris,
2736 1240 2771 1272 n

795 1322 1023 1410 Dixit;
1056 1341 1124 1398 et
1154 1340 1383 1425 aptato
1417 1341 1654 1424 pectus
1693 1351 2007 1398 mucrone
2044 1325 2173 1398 sub
2210 1326 2418 1400 imum

800 1439 1123 1514 Incubuit
1152 1439 1370 1527 ferro,
1408 1439 1591 1540 quod
1625 1437 1840 1513 adhuc
1865 1469 1905 1514 a
1937 1440 2110 1515 eaede
2147 1442 2433 1544 tepebat.

799 1558 977 1629 Vota
1014 1572 1232 1631 tamen
1273 1555 1547 1650 tetigere
1583 1555 1805 1643 DeoS‚
1846 1556 2121 1652 tetigere
2154 1577 2460 1659 parentes
2491 1587 2508 1630 ε

798 1677 973 1749 Nam
1006 1672 1198 1748 color
1230 1673 1300 1746 in
1333 1700 1540 1774 pomo
1575 1689 1707 1761 est,
1748 1671 1868 1746 ubi
1900 1675 2375 1774 permaturuit,
2404 1691 2586 1761 ater3

2850 1693 2939 1745 165

803 1788 1144 1891 Quodque
1178 1789 1364 1887 rogis·
1400 1805 1702 1890 superest
1722 1844 1742 1876 ‚
1778 1816 1914 1861 una
1945 1788 2304 1889 requiescit
2337 1790 2408 1862 in
2438 1815 2629 1864 uma.
2660 1819 2696 1853 n

897 1907 1235 1993 Desierat3
1270 1904 1694 2007 mediumque
1727 1902 1857 1976 suit
1887 1903 2087 1977 breve
2120 1920 2420 2004 tempus;
2456 1921 2526 1979 et
2560 1930 2712 1977 orsa
2746 1918 2846 1975 est

803 2024 1039 2099 Dicere
1068 2026 1425 2098 Leuconoe
1461 2053 1477 2096 z
1508 2050 1742 2097 vocem
1780 2037 2048 2097 tenuere
2084 2049 2367 2097 sororeS.

803 2214 956 2267 Serus
980 2212 1102 2268 dedi
1127 2232 1189 2267 ex
1211 2232 1322 2266 uno
1346 2211 1564 2266 Mor-eti.
1596 2210 1825 2281 Elegans

805 2292 917 2345 luaec
937 2291 1093 2345 lectio
1114 2290 1275 2344 etiam
1292 2289 1629 2362 Heyniofad
1650 2289 1825 2343 Tibul.

805 2371 832 2424 Ι
853 2409 869 2436 ,
894 2385 968 2436 11,
995 2372 1062 2441 89
1077 2407 1094 2435 ,
1113 2368 1392 2422 videbatur
1409 2407 1425 2435 ‚
1443 2369 1484 2421 si
1504 2387 1667 2421 set-mn
1686 2387 1828 2421 amo-

803 2470 906 2503 rem
929 2447 1290 2518 interpreteris
1308 2486 1325 2514 ,
1364 2447 1456 2517 qui
1479 2445 1570 2500 diu
1600 2448 1711 2516 jam
1734 2447 1827 2500 vi·-

808 2527 920 2597 guit
944 2566 960 2594 ‚
1010 2545 1124 2581 non
1164 2544 1339 2595 nuper
1367 2524 1586 2578 demum
1620 2535 1825 2580 natum.

809 2607 926 2678 Ego
944 2624 1073 2660 vero
1089 2605 1324 2677 intelligo
1344 2615 1639 2659 extremum
1658 2626 1671 2669 ;
1701 2605 1830 2659 ulti-

807 2705 896 2739 ma
912 2684 1057 2739 enim
1076 2693 1131 2737 et
1141 2694 1374 2738 extrema
1383 2683 1608 2737 sotadici
1624 2684 1825 2752 solent,

809 2773 870 2816 ut
892 2762 1071 2816 docuit
1097 2759 1390 2815 Bruckhus.
1414 2759 1479 2813 ad
1504 2761 1747 2830 Propert.
1770 2761 1824 2825 1,

810 2856 911 2906 xv,
939 2859 1019 2892 αι.
1040 2839 1216 2908 Atque
1238 2837 1309 2892 ita
1331 2837 1468 2891 bene
1487 2836 1737 2891 convenit
1753 2834 1830 2888 al-

809 2919 910 2973 teri
932 2959 949 2986 ,
991 2923 1117 2973 hora
1152 2924 1439 2973 novissima.
1482 2946 1551 2961 ·—
1587 2919 1838 2986 Compom'

809 3015 956 3050 nunc
976 2995 1300 3066 simpliciter,
1321 2994 1494 3050 condi.
1514 2995 1651 3049 Alibi
1679 3014 1829 3047 com-

803 3094 1016 3143 ponere,
1052 3084 1114 3129 ut
1137 3079 1435 3151 κεριστίλλειν
1453 3115 1469 3141 ,
1495 3093 1713 3127 omnem
1734 3093 1831 3127 cu-

811 3171 927 3206 ram
961 3152 1203 3222 exprimit
1231 3192 1245 3220 ‚
1303 3172 1463 3222 quam
1496 3153 1829 3223 pollinctores

811 3229 1132 3301 impendunt
1154 3228 1503 3284 cadaveribus.
1531 3259 1599 3271 —
1627 3234 1736 3284 Non
1758 3235 1832 3283 in-

811 3311 1051 3371 videatis,
1077 3317 1143 3377 μὴ
1161 3318 1354 3378 φθονεῖτε
1367 3347 1383 3374 ,
1407 3308 1559 3363 sinite
1577 3348 1592 3375 ,
1610 3307 1834 3377 permit-

813 3387 925 3441 tite.
953 3388 1181 3441 Iure'dere
1203 3385 1424 3439 omnino
1444 3426 1459 3452 ‚
1495 3405 1607 3439 non
1643 3387 1835 3440 tribue-

816 3485 892 3521 re.
927 3467 1115 3521 Hora't.
1151 3466 1241 3533 Π,
1274 3466 1385 3520 Sat.
1414 3483 1502 3534 vt,
1538 3467 1636 3533 83,
1681 3486 1838 3535 neque

815 3552 1032 3614 sepose‘li
1049 3552 1232 3601 cei-etis
1253 3549 1436 3600 invidi!
1450 3588 1464 3610 ‚
1504 3545 1719 3616 largiter
1746 3566 1839 3617 ap-

816 3626 1002 3696 posuit.
1022 3626 1169 3696 Vix-g.
1194 3622 1319 3678 AEn.
1339 3624 1438 3692 IV,
1465 3624 1595 3679 350:
1620 3627 1740 3692 Qun
1757 3629 1836 3678 in-

818 3709 956 3760 vidia
987 3708 1112 3761 est?
1141 3705 1266 3775 quid
1291 3702 1514 3774 impedit
1535 3744 1551 3772 ,
1587 3724 1693 3774 quo
1720 3704 1836 3758 mi-

818 3801 919 3837 nus
938 3782 1030 3836 fiat
1043 3782 1069 3836 Ρ
1089 3783 1258 3838 Aliter
1277 3782 1542 3837 Schiracb.
1567 3804 1594 3829 «ι
1614 3782 1738 3836 Non
1760 3783 1836 3835 in·

817 3860 1033 3915 videatis
1043 3876 1213 3914 unum
1224 3861 1375 3915 nobis
1386 3860 1649 3914 tumulum
1657 3899 1671 3925 ‚
1686 3859 1839 3913 adeo-

820 3959 922 4010 que
933 3940 1242 4008 coniunctos
1253 3939 1444 3994 eodem
1454 3938 1693 4010 sepulcro
1705 3957 1837 3993 con-

820 4017 968 4072 datis.
987 4040 1015 4065 n

891 4097 1001 4149 150.
1030 4100 1297 4168 Pallasque
1311 4138 1325 4159 ‚
1348 4104 1402 4150 e!
1427 4099 1648 4151 luctibus
1671 4102 1834 4163 aptos.

823 4171 1007 4228 Codex
1040 4174 1237 4246 Regius
1273 4174 1355 4243 B,
1403 4194 1434 4229 a
1473 4175 1644 4245 prima
1674 4192 1837 4227 manu

816 4257 1079 4321 nigrosque
1103 4260 1159 4307 et
1182 4257 1403 4308 luctibus
1438 4261 1588 4322 aplos
1600 4271 1623 4320 ,·
1671 4252 1836 4323 glossa

1921 2221 2001 2265 est
2039 2228 2055 2263 ε
2089 2231 2216 2266 nam
2248 2232 2347 2267 vox
2372 2216 2545 2282 pullas
2586 2213 2752 2282 magis
2790 2230 2933 2265 moro

1921 2293 2171 2346 convenit
2187 2311 2349 2362 quam
2366 2292 2545 2362 niger3
2565 2302 2821 2362 preterea
2828 2294 2932 2357 pul·

1920 2374 2004 2423 Ius
2048 2369 2193 2425 color
2213 2408 2230 2436 ,
2267 2389 2380 2424 non
2405 2371 2557 2441 niger
2585 2369 2841 2435 omnino,
2883 2369 2934 2421 in

1921 2447 2145 2502 luctibus
2163 2448 2535 2502 adhibebatur.
2559 2458 2613 2501 et
2640 2446 2743 2500 hoe
2757 2443 2935 2500 confir·

1921 2538 2073 2581 mant
2094 2546 2211 2597 que
2231 2546 2355 2580 mox
2372 2525 2496 2580 dicit
2519 2524 2602 2579 Cl.
2631 2529 2821 2593 Ge’enk.
2844 2520 2936 2576 Ed.

1922 2611 2181 2661 ——Pullos
2200 2606 2353 2674 dixit,
2374 2626 2484 2660 non
2506 2606 2711 2676 nigros,
2733 2613 2937 2674 propter

1925 2687 2125 2758 pullam
2158 2684 2455 2756 lugentium
2493 2695 2692 2754 togam.
2721 2709 2787 2724 --
2822 2683 2935 2750 Ap·-

1924 2771 2062 2826 tare‚
2098 2761 2427 2833 pretendere
2443 2779 2625 2815 ensem
2649 2758 2935 2830 pectori.—

1934 2843 2174 2909 Telt'gere.
2195 2842 2304 2895 Pro
2321 2859 2406 2908 eo,
2422 2859 2556 2894 vers.
2581 2839 2680 2909 373
2698 2861 2713 2903 ς
2729 2838 2807 2906 Χ,
2828 2835 2934 2908 489,

1936 2922 2069 2973 Vota
2100 2938 2223 2974 suos
2267 2921 2480 2972 habuere
2515 2920 2676 2972 Deos.
2722 2944 2789 2957 —
2822 2913 2934 2967 Duo

1926 3016 2203 3051 mororum
2221 3015 2415 3069 genera
2433 3005 2559 3050 sunt
2578 3035 2595 3061 ,
2627 3011 2853 3065 quorum
2866 2990 2931 3045 al·

1927 3088 2103 3131 terum
2126 3076 2305 3130 baccas
2330 3074 2468 3128 albas
2484 3114 2500 3142 ,
2527 3074 2754 3128 alterum
2777 3073 2932 3142 nigras

1925 3155 2028 3208 sert
2043 3193 2059 3222 ,
2078 3172 2380 3224 quanquam
2396 3152 2538 3222 prim
2556 3171 2724 3223 genus
2737 3148 2933 3204 Veteri-

1926 3235 2026 3290 bus
2060 3245 2250 3289 notum
2285 3234 2438 3287 fuisse
2477 3252 2586 3287 non
2623 3240 2842 3287 constat.
2879 3227 2928 3283 Si

1931 3314 2097 3369 cedes
2115 3315 2199 3369 illa
2220 3333 2383 3384 prope
2410 3331 2627 3367 morum
2651 3312 2785 3367 sacta
2808 3318 2928 3369 erat.

1932 3403 2024 3447 aut
2064 3393 2196 3446 sacta
2232 3391 2532 3462 fingebatur
2562 3431 2579 3458 ,
2630 3390 2793 3445 facilis
2832 3396 2929 3442 erat

1931 3471 2191 3526 sententia
2220 3469 2302 3523 illa
2324 3470 2555 3540 poetica,
2581 3469 2738 3523 soetus
2754 3464 2932 3521 arboris

1930 3550 2107 3620 nigros
2135 3549 2312 3619 lugere
2331 3547 2473 3601 illam
2502 3546 2721 3601 cadem.

2004 3629 2113 3697 167.
2130 3629 2357 3681 Medaezm
2365 3633 2570 3694 tempus.
2586 3623 2931 3679 Intervallum.

1935 3705 2073 3760 Plin.
2103 3704 2243 3772 Vll,
2277 3704 2440 3774 Epist.
2466 3719 2652 3769 xxvn,
2698 3704 2789 3769 13,
2824 3703 2931 3754 exi-

1927 3804 2079 3853 guum
2086 3788 2318 3852 tempon's
2329 3786 2559 3836 medium.
2571 3809 2641 3833 -.-
2649 3782 2780 3835 Fuit.
2798 3778 2933 3833 Unus

1934 3861 2206 3916 Leidensis
2228 3880 2324 3932 pro
2350 3860 2552 3914 diversa
2579 3859 2831 3925 lectione,
2858 3876 2933 3910 sr-

1933 3941 2038 4003 bit,
2069 3938 2210 4008 quod
2244 3936 2391 3991 valde
2420 3934 2755 3990 adblanditur
2782 3933 2932 3989 Hein-

1933 4018 2025 4071 sio.
2063 4017 2242 4089 Nostri
2277 4014 2503 4070 Codices
2537 4013 2739 4069 habent
2750 4012 2866 4081 snit.

2006 4096 2113 4150 168.
2139 4100 2399 4150 Leuconoe
2413 4138 2427 4157 ,
2455 4114 2608 4150 soror
2624 4095 2808 4159 altera,
2829 4090 2934 4162 plu-

1931 4193 2017 4228 res
2059 4174 2265 4229 fabellas
2300 4183 2516 4241 narra,
2569 4172 2637 4226 de
2670 4172 2847 4227 Martis
2884 4178 2932 4221 et

1935 4253 2163 4309 Veneris
2192 4252 2448 4309 adulterio
2468 4292 2484 4319 ,
2524 4271 2656 4308 vers.
2692 4248 2925 4321 167-1892
