3217 5134
591 557 1683 630 METAMORPHOSEON
1734 564 1927 632 LIB.
1978 568 2088 636 11.

264 697 567 785 Circuit3
600 713 704 785 et,
742 725 826 770 ne
864 698 1028 799 quid
1064 697 1462 774 labefactum
1499 701 1757 777 viribus
1789 705 1970 801 ignis

265 824 588 911 Corruat,
628 821 932 924 explorat
963 852 980 896 :
1011 852 1157 924 quae
1188 842 1551 928 postquam
1575 825 1764 902 firma
1783 886 1801 918 ‚
1836 831 2071 932 suique

261 944 568 1020 Roboris
602 972 746 1019 esse
773 945 992 1033 viden
1024 962 1229 1022 terras
1248 1005 1267 1038 ,
1295 948 1778 1052 hominumque
1804 949 2071 1029 labores

260 1069 613 1171 Perspicit.
652 1069 952 1144 Arcadiae
985 1088 1200 1145 nmen
1235 1089 1336 1145 est
1370 1072 1738 1175 impensior
1767 1072 1868 1148 illi
2315 1099 2419 1166 405

259 1194 445 1268 Cura
481 1220 653 1280 suae3
688 1192 1078 1294 fontesque,
1119 1212 1187 1269 et
1214 1194 1516 1269 nondum
1543 1196 1852 1272 audentia
1885 1196 2026 1272 labi

254 1313 571 1389 Flumina
599 1315 931 1405 restituit3
970 1316 1084 1390 dat
1119 1333 1307 1391 terrae
1340 1317 1671 1411 gramina,
1703 1318 1976 1394 frondes

256 1438 690 1527 Arboribus;
727 1437 1044 1541 laesasque
1074 1441 1269 1541 jubet
1301 1442 1690 1516 revirescere
1724 1439 1941 1516 silvas,

252 1662 533 1729 videntur,
560 1671 787 1716 mortua
809 1661 951 1716 sidus
970 1662 1124 1717 Ursae
1147 1661 1283 1717 dica-

251 1751 389 1794 runt
406 1779 421 1807 ,
443 1741 594 1808 cujus
617 1750 672 1794 et
693 1759 892 1794 nomen
913 1750 968 1794 et
988 1742 1116 1796 situs
1132 1781 1148 1807 ,
1174 1759 1282 1810 quo

251 1837 535 1886 nunquam
554 1817 745 1872 occidit
762 1858 777 1884 ,
796 1816 981 1873 sabula
998 1818 1172 1871 locum
1189 1819 1283 1873 de-

256 1896 355 1951 dit.
394 1897 528 1949 Eam
566 1915 695 1949 vero
719 1894 917 1950 Graecis
951 1895 1282 1950 decantatam

251 1975 415 2028 subse
433 2014 449 2041 ,
481 1975 705 2028 Pausan.
722 1993 771 2043 p.
794 1974 892 2027 603
908 2015 921 2035 ‚
951 1974 1123 2028 tradit.
1148 1975 1281 2028 Pri-

256 2073 377 2107 mus
404 2071 524 2106 eam
549 2051 843 2118 Aniethus,
881 2052 1137 2122 Tegeates
1161 2053 1280 2106 bis-

253 2131 517 2185 toriarum
534 2129 782 2198 scriptor,
801 2148 1037 2182 narrasse
1054 2129 1277 2185 videtur.

251 2207 656 2281 Hyg.P.A,11‚
682 2227 702 2259 ι
722 2216 849 2259 extr
869 2207 997 2260 Post
1012 2226 1135 2260 eum
1159 2208 1280 2277 plu-

246 2286 403 2355 rimi,
426 2285 518 2339 sed
539 2303 731 2354 magna
749 2284 1030 2344 varietate,
1059 2286 1281 2355 repetie-

245 2373 401 2430 runt,
420 2360 694 2427 Eumelus,
713 2360 1065 2431 Pherecydes,
1086 2363 1240 2416 Asius
1256 2402 1272 2431 ,

248 2442 518 2499 Hesiodus
536 2480 553 2509 ,
573 2459 704 2511 quos
722 2441 964 2510 Apollod.
985 2441 1194 2509 laudat,
1221 2453 1276 2499 et

248 2521 504 2592 Amphis,
524 2518 902 2573 comoediarum
924 2519 1163 2589 scriptor.
1196 2521 1275 2574 Ex

246 2602 309 2654 iis
324 2640 341 2667 ,
361 2599 452 2669 qui
471 2608 704 2664 restant,
725 2597 845 2650 vide
858 2598 1082 2651 Pausan.
1099 2597 1238 2651 VIII
1253 2637 1270 2664 ,

245 2696 296 2746 p.
321 2676 452 2740 603;
479 2673 724 2745 Apollod.
747 2674 868 2740 111,
884 2690 1019 2741 vm,
1050 2694 1109 2740 η
1130 2675 1271 2746 Hyg.

240 2753 382 2807 sabb.
426 2753 552 2821 176,
602 2772 725 2822 177,
767 2752 828 2805 P.
858 2752 924 2804 A.
953 2751 1043 2819 11,
1079 2772 1098 2804 ι
1123 2790 1139 2818 ,
1181 2752 1271 2805 ubi

243 2833 477 2888 diversas
493 2831 804 2886 traditiones
816 2830 1039 2900 collegit.
1055 2831 1270 2899 Noster,

242 2913 335 2982 qui
346 2911 649 2967 Hesiodum
659 2912 887 2965 maxime
899 2922 1152 2980 sequutus
1159 2930 1271 2966 esse

242 2992 488 3058 videtur,
514 3010 633 3045 eam
649 2991 855 3062 egregie
875 2991 1173 3057 exornavit,
1200 3000 1271 3044 at·

239 3091 347 3142 qne
364 3072 527 3125 etiam
545 3110 561 3138 ,
593 3071 647 3124 11
672 3072 811 3124 Fast.
833 3071 1094 3142 ass-193,
1122 3080 1269 3123 trac-—

236 3149 516 3204 tavitHoe
526 3167 772 3202 commen
779 3158 835 3202 to
844 3146 1271 3203 commodissime

233 3226 311 3280 ad
323 3227 425 3280 fab.
438 3245 546 3295 seq.
562 3226 1026 3280 transit—Mania
1035 3224 1161 3278 celo
1178 3235 1269 3278 aut

232 3303 453 3359 mundo
478 3305 661 3358 tribuit
684 3305 895 3359 Luci-et.
919 3302 1268 3373 intelligitque

228 3391 505 3435 exstemas
520 3380 712 3434 mundi
728 3401 870 3448 oras,
893 3391 985 3435 aut
999 3380 1267 3434 mundum

224 3460 429 3530 ipsum.
455 3457 565 3512 Sed
591 3460 785 3513 Noster
806 3461 1014 3530 proprie
1038 3460 1264 3530 accepit,

223 3553 359 3606 quo
373 3535 419 3589 si
437 3546 641 3603 essent,
658 3538 837 3591 forent
854 3556 978 3591 sane
1002 3538 1266 3591 immenso

220 3613 473 3679 ambitu,
502 3613 648 3667 unde
672 3618 907 3682 t'ngenttit.
932 3615 1147 3668 Horum
1168 3633 1269 3667 cu·-

214 3711 357 3747 mm
405 3693 622 3763 gerebat
666 3692 878 3763 Jupiter
913 3714 928 3756 3
984 3693 1158 3763 itaque
1211 3702 1267 3746 et

210 3792 389 3829 nunc
418 3790 482 3825 ea
520 3778 701 3826 cti-cm?
729 3783 783 3826 et
814 3776 1072 3839 explorat,
1111 3790 1264 3827 more

207 3848 505 3907 AEdilinm
523 3888 541 3917 ,
565 3850 752 3920 quibus
776 3869 902 3905 cura
921 3849 1265 3904 edificiorum

202 3927 521 3988 commissa
537 3941 642 3997 est,
669 3941 724 3983 et
741 3939 828 3996 ut,
850 3931 921 3998 V,
950 3929 1078 3996 δὺο,
1104 3928 1265 3982 Pluto

203 4009 440 4067 siciliae
455 4007 788 4077 fundamina,
808 4009 897 4063 ubi
912 4008 1069 4063 simili
1083 4027 1264 4062 amore

199 4089 544 4160 corripitur.
565 4117 631 4130 —
643 4090 742 4143 Sui
749 4091 944 4143 roboris
958 4098 1112 4143 erant
1126 4128 1142 4155 ,
1167 4087 1266 4140 ba-

112 4202 121 4210 ·
196 4172 435 4227 hebent
472 4170 671 4238 justum
715 4170 912 4238 robur,
940 4168 1264 4222 firmitatem.

192 4277 283 4293 -
308 4250 599 4302 Bonam
616 4252 843 4316 labores,
865 4256 1067 4318 segetes
1094 4255 1149 4298 et
1168 4244 1267 4298 alia

186 4345 410 4401 opera.
451 4326 533 4380 Ita
563 4326 800 4395 Plinius,
842 4327 1040 4395 Paneg.
1074 4324 1132 4379 81
1151 4359 1167 4388 ,
1200 4343 1261 4388 2,
1314 4394 1325 4405 .

424 4417 586 4488 III.

1379 1665 1652 1730 agrestium
1671 1664 1829 1715 labor.
1843 1660 1991 1731 Virg.
2016 1661 2216 1732 Georg:
2227 1661 2272 1730 I,
2290 1664 2409 1727 3252

1379 1739 1594 1793 AEneid.
1619 1740 1701 1807 ll,
1723 1739 1822 1793 306
1850 1753 1863 1787 ε
1888 1747 2006 1792 sala
2029 1744 2148 1793 lata
2169 1744 2407 1811 boumque

1377 1822 1589 1871 labores.
1615 1817 1717 1871 Vir
1733 1817 1914 1871 doctus
1932 1818 2017 1884 ,in
2033 1817 2255 1887 prem.
2273 1819 2410 1873 liter.

1378 1897 1622 1950 Norimb.
1661 1896 1904 1966 intelligit
1941 1897 2256 1952 calamitates
2292 1899 2403 1953 ho-

1376 1975 1587 2027 minum
1621 1994 1889 2045 perpessas
1918 1986 1973 2028 et
2004 1975 2254 2030 miserias.
2278 1978 2403 2030 Ve-

1376 2071 1501 2105 rum
1516 2070 1582 2104 eo
1596 2071 1753 2105 sensu
1772 2056 1969 2105 labores
1987 2071 2095 2105 non
2117 2091 2132 2118 ,
2155 2053 2256 2107 nisi
2272 2053 2402 2107 dum

1376 2128 1725 2197 perferuntur
1739 2167 1755 2195 ,
1772 2127 1993 2196 perspici
2010 2140 2240 2196 possunt.
2261 2129 2399 2182 Rod.

1372 2206 1549 2273 vertit,
1574 2210 1669 2259 dee·
1677 2209 1952 2259 Hense-‘heu
1971 2204 2231 2260 er'lt'ttenen
2245 2211 2404 2261 Scha-

1377 2287 1476 2338 den
1498 2324 1514 2347 ,
1550 2294 1738 2338 contra
1761 2284 1953 2354 lingue
1977 2303 2147 2338 usum.

1444 2367 1561 2431 4⁰5·
1597 2367 1871 2432 Pers-peril,
1899 2365 2120 2418 verbum
2142 2366 2265 2420 huic
2290 2365 2407 2420 loco

1373 2438 1742 2509 aptissimum3
1778 2440 1971 2495 dieitur
2007 2442 2151 2495 enim
2196 2452 2256 2495 ut
2291 2462 2407 2496 no-

1374 2528 1544 2572 strum
1570 2523 1905 2589 besicbte'gen,
1933 2520 1998 2574 de
2016 2522 2078 2575 iis
2096 2523 2186 2592 qui
2208 2524 2409 2577 exami—

1369 2609 1504 2652 nant
1531 2599 1778 2667 aedificia,
1804 2601 1912 2653 vias
1934 2611 1986 2653 et
2001 2601 2112 2655 alia.
2139 2601 2276 2655 Vide
2296 2604 2405 2656 Er-

1367 2676 1504 2728 nesti
1536 2676 1758 2730 Clavem
1800 2675 1913 2730 Cic.
1947 2676 1999 2729 h.
2037 2697 2085 2731 v.
2128 2678 2400 2747 Perspzkllss

1367 2753 1688 2809 Damnanda
1729 2756 1882 2810 lectio
1907 2761 2158 2824 prospicit
2183 2797 2198 2819 ,
2238 2777 2399 2825 quam

1366 2834 1523 2888 multi
1552 2833 1779 2889 Codices
1802 2835 2092 2904 proeserunt
2107 2875 2123 2903 ,
2149 2847 2203 2888 et
2231 2855 2395 2905 quam

1370 2912 1557 2966 Dousa
1577 2914 1876 2980 coniecerat
1894 2952 1910 2978 ‚
1939 2914 2059 2981 quia
2077 2932 2188 2967 non
2213 2934 2242 2968 e
2262 2916 2391 2970 coelo

1365 3000 1579 3059 spectat.
1594 3017 1663 3031 —·
1679 2990 1858 3044 Nostri
1882 2987 2106 3044 Codices
2131 2991 2283 3062 Regii
2301 2991 2394 3045 ba·-

1365 3068 1497 3121 bent
1520 3071 1776 3136 perspi-it.
1822 3095 1890 3108 -
1925 3068 2208 3121 Arcadeiam
2242 3080 2396 3125 vocat

1367 3164 1513 3199 suam
1539 3185 1555 3208 ,
1595 3146 1814 3215 ejusque
1851 3164 2035 3200 curam
2075 3147 2397 3218 praecipum

1367 3224 1502 3293 gerit
1519 3262 1534 3286 ,
1577 3223 1709 3293 quia
1756 3224 1814 3277 in
1848 3225 2129 3279 Parrhasio
2148 3265 2165 3294 ,
2208 3237 2396 3281 monte

1366 3301 1607 3357 Arcadiae
1631 3341 1648 3369 ,
1689 3312 1851 3358 natus
1887 3323 1916 3357 a
1953 3304 2132 3359 multis
2179 3306 2398 3359 fereba-

1364 3392 1483 3447 tur;
1501 3401 1806 3453 quanquam
1826 3394 1881 3438 et
1910 3382 2192 3438 Cretenses
2215 3384 2268 3437 id
2286 3384 2395 3438 ho-

1363 3462 1510 3516 noris
1549 3461 1647 3516 sibi
1686 3462 2024 3517 vindicabant
2059 3482 2073 3516 z
2100 3461 2221 3517 vide
2256 3460 2395 3516 Cal-

1364 3538 1650 3593 limachum
1671 3580 1687 3607 ,
1712 3539 1765 3594 h.
1782 3542 1905 3594 Jov.
1929 3543 2083 3607 4-10.
2108 3540 2233 3593 Hoc
2255 3558 2395 3610 quo·-

1366 3638 1468 3689 que
1508 3618 1791 3672 transitum
1830 3617 2058 3685 adjuvat.
2090 3644 2158 3658 —·
2182 3620 2392 3686 Impen-

1362 3701 1485 3759 sior,
1510 3695 1712 3765 major,
1737 3705 1791 3748 et
1818 3695 2030 3765 proprie
2054 3712 2176 3748 cura
2199 3693 2391 3748 dicitur

1359 3776 1597 3840 inpendi.
1627 3800 1695 3813 -
1726 3775 1972 3826 Fontibus
2007 3782 2064 3826 et
2089 3774 2392 3840 fluminibus

1363 3852 1660 3907 abundabat
1680 3851 1924 3919 Arcadia,
1941 3851 2109 3905 indes
2093 3858 2271 3927 εῦῦδρος
2286 3849 2390 3903 dic-

1362 3943 1432 3987 ta.
1466 3931 1514 3985 Ε
1551 3930 1725 3985 fluviis
1763 3931 1987 3984 maxime
2017 3926 2385 3982 memorabiles

1363 4011 1547 4067 Ladon
1572 4024 1628 4066 et
1653 4010 2030 4084 Erymanthus.
2068 4009 2218 4060 Bene
2243 4025 2384 4058 non-

1362 4095 1482 4143 dum
1503 4094 1771 4151 audentia.
1794 4100 2048 4157 tanquam
2067 4086 2384 4152 animantia,

1362 4188 1480 4239 quae
1508 4188 1563 4222 se
1587 4165 1973 4221 condiderant
1956 4184 2016 4218 m
2040 4164 2237 4217 viscera
2259 4180 2386 4215 ma-

1362 4248 1487 4313 tris,
1511 4264 1645 4300 vers.
1671 4247 1785 4313 274.
1806 4244 1892 4297 De
1914 4246 2059 4305 Iabt,
2086 4238 2205 4296 vide
2229 4259 2385 4314 supra

1362 4287 2018 4394 adli'b.Metam.1,189

2008 4436 2084 4480 12
