3217 5134
698 430 776 494 18
1466 423 2061 493 PRAEFATIO

681 567 968 667 ingenii,
1006 566 1113 643 cui
1144 564 1423 643 facilitas
1457 565 1779 657 debetur,
1818 565 1997 643 fudit
2022 624 2042 657 ,
2073 594 2215 645 ,nec
2263 587 2496 671 postea
2527 571 2840 648 abstersit

682 720 895 805 poetae
926 729 1099 777 cura.
1152 701 1232 779 In
1261 698 1347 777 iis
1376 701 1730 803 tautologia
1767 717 1836 776 et
1862 698 2287 803 loquacitatis
2321 701 2562 805 ineptae
2601 703 2838 779 vitium

679 835 971 936 primum
1033 832 1299 911 obtinet
1344 831 1569 911 locum
1595 889 1617 923 ‚
1676 850 1879 936 atque
1921 834 1996 909 in
2037 833 2322 933 singulis
2372 866 2585 939 prope
2645 837 2837 915 libris

678 965 977 1043 offendit.
1027 969 1110 1043 In
1139 965 1316 1043 libro
1346 969 1421 1057 1,
1466 963 1698 1068 89-93
1721 1021 1742 1055 ‚
1792 965 1878 1041 ad
1912 963 2178 1045 taedium
2212 996 2426 1070 usque
2451 969 2691 1061 nobis,
2732 971 2839 1045 in-

678 1097 927 1190 culcat,
970 1127 1168 1177 aurea
1196 1116 1388 1177 aetate
1411 1099 1718 1175 nondum
1742 1096 1922 1196 leges
1955 1096 2196 1195 fuisse,
2231 1128 2356 1175 nec
2382 1099 2652 1202 judicia.
2699 1104 2839 1179 Te-

677 1259 886 1322 mere,
919 1231 1144 1334 205-7
1165 1287 1186 1321 ‚
1224 1231 1426 1307 verba
1443 1229 1804 1321 cumulavit
1831 1230 1913 1305 de
1941 1229 2204 1306 silentio
2229 1234 2276 1306 J
2278 1231 2418 1307 ovis
2443 1233 2836 1309 auctoritate

678 1362 876 1443 facto.
913 1364 1044 1439 Cui
1075 1392 1213 1438 non
1237 1363 1516 1439 molesta
1540 1381 1701 1440 sunt
1723 1362 1880 1455 illa,
1912 1392 2077 1439 vers.
2117 1390 2251 1467 291
2291 1366 2496 1468 sqq.?

845 1562 1087 1643 Jamque
1120 1582 1273 1623 mare
1298 1574 1359 1623 et
1383 1561 1555 1625 tellus
1578 1561 1806 1625 nullum
1834 1561 2138 1626 discrimen
2167 1563 2450 1627 habehant
2474 1584 2491 1622 :

847 1669 1063 1733 omnia
1088 1682 1305 1752 pontus
1332 1680 1525 1744 erant3
1556 1669 1792 1733 deerant
1819 1691 2057 1752 quoqne
2085 1668 2258 1733 litora
2279 1683 2466 1754 ponto
2496 1694 2514 1732 ε

685 1851 931 1955 quibus
959 1881 1155 1942 mox,
1191 1882 1358 1929 vers.
1395 1852 1542 1948 314
1563 1910 1582 1944 ,
1620 1853 1701 1927 de
1735 1853 2030 1928 Phocide
2056 1854 2445 1955 subjicitur,

847 2040 1029 2103 Terra
1053 2037 1240 2117 ferax,
1268 2037 1408 2101 dum
1433 2050 1584 2101 terra
1610 2038 1756 2114 suin
1784 2041 1886 2104 sed
1913 2012 2180 2125 tempore.
2199 2039 2262 2101 in
2289 2039 2395 2101 illo

846 2145 984 2206 Pars
1011 2144 1180 2209 maris
1209 2156 1267 2205 et
1292 2143 1440 2206 latus
1467 2144 1784 2207 subitarum
1810 2167 2041 2230 campus
2064 2169 2357 2229 aquarum.

685 2318 753 2374 et
780 2329 1011 2376 rursus
1035 2298 1235 2402 paulo
1266 2318 1423 2402 post
1439 2355 1459 2389 ,

1266 2522 1282 2538 .
1307 2521 1324 2538 .
1348 2520 1365 2539 .
1401 2482 1551 2542 Nam
1577 2480 1782 2543 caetera
1807 2492 2023 2546 texerat
2044 2505 2269 2565 aequor.

684 2650 766 2723 In
798 2673 1107 2722 saxorum
1133 2642 1561 2720 Deucalionis
1596 2662 1666 2719 et
1690 2645 1960 2749 Pyrrhae
1993 2647 2300 2726 manibus
2327 2648 2652 2751 jactorum
2679 2681 2833 2727 mu-

686 2779 934 2855 tatione
959 2776 1414 2867 describenda,
1442 2806 1608 2854 vers.
1644 2777 1971 2872 400-406
1990 2835 2009 2866 ‚
2046 2778 2157 2856 diu
2186 2781 2257 2855 in
2279 2782 2581 2861 eumdem
2601 2784 2834 2863 orbem

688 2909 1175 3007 circumagitur.
1205 2951 1282 2966 —
1311 2910 1382 2983 11
1401 2963 1421 2999 ,
1467 2907 1592 3009 161
1629 2937 1778 3011 sqq.
1797 2965 1817 2998 ,
1847 2928 1948 2985 ter
1966 2909 2125 2986 dicit
2144 2967 2164 3001 ,
2199 2910 2407 3017 levem
2431 2912 2633 2990 fuisse
2657 2915 2834 2992 Solis

686 3072 991 3133 currum,
1042 3062 1110 3117 et
1136 3099 1157 3133 ,
1216 3042 1403 3146 quasi
1444 3042 1576 3118 hoc
1622 3041 1922 3119 nondum
1961 3043 2122 3119 satis
2150 3042 2417 3136 fuisset,
2479 3047 2613 3121 165
2656 3049 2835 3125 idem

688 3174 797 3251 bis
826 3173 1087 3277 repetit.
1123 3217 1203 3230 —
1227 3172 1369 3273 1112
1402 3172 1663 3276 87-89,
1696 3194 1930 3278 quater
1954 3203 2217 3251 causam
2245 3178 2556 3281 exprimit
2574 3237 2593 3270 ‚
2630 3210 2833 3284 quare

689 3316 828 3397 leve
859 3294 1062 3395 fuerit
1091 3290 1413 3422 serpentis
1442 3298 1734 3407 vulnus,-

1350 3545 1409 3564 ..
1433 3545 1450 3561 .
1492 3504 1650 3580 Quia
1674 3524 1736 3569 se
1763 3502 2342 3584 retrahebatabictn3
2466 3524 2474 3533 ·

850 3612 1126 3693 Laesaque
1153 3609 1302 3672 colla
1323 3608 1487 3671 dabat
1506 3622 1665 3673 retro
1682 3654 1703 3686 ‚
1726 3611 2060 3699 plagamque
2090 3612 2283 3676 sedere

855 3715 1130 3778 Cedendo
1157 3713 1411 3791 arcebat,
1439 3736 1545 3775 nec
1571 3714 1805 3800 longius
1833 3718 1915 3778 ire
1939 3717 2178 3779 sinebat.

692 3884 882 3961 Vers.
921 3880 1064 3977 418
1096 3909 1244 3983 sqq.
1265 3936 1283 3969 ‚
1318 3880 1387 3957 in
1418 3880 1711 3959 Narcissi
1742 3879 1965 3959 fabula
2000 3882 2402 3959 intolerabili
2433 3882 2834 3987 loquacitate

695 4015 781 4090 ad
831 4015 1125 4091 eamdem
1163 4013 1402 4119 saepius
1437 4013 1782 4117 notionem
1828 4013 2215 4111 revolvitur,
2264 4034 2333 4092 et
2376 4045 2523 4120 quae
2561 4016 2707 4119 ipse
2737 4014 2831 4092 sic

699 4149 952 4251 dixerat
973 4205 991 4238 .,
1051 4147 1275 4227 eadem
1298 4147 1513 4259 ¹paulo
1560 4165 1719 4253 post
1752 4149 2136 4225 Narcissum
2173 4167 2578 4255 repetentem
2615 4147 2830 4247 fingit.
