3217 5134
642 540 1690 614 METAMORPHOSEON
1749 549 1942 619 LIB.
2000 552 2139 620 VI.

2333 551 2463 646 '427

317 681 398 752 In
427 677 633 754 latere
666 680 867 756 exiles
903 682 1095 778 digiti
1130 710 1256 784 pro
1288 685 1599 759 cruribus
1634 685 1884 761 haerent
1914 718 1928 761 :

319 796 553 868 Cetera
586 813 815 869 venter
846 796 1092 884 babet3
1126 797 1207 871 de
1242 828 1379 900 quo
1417 819 1638 876 tamen
1667 802 1783 878 illa
1816 805 2095 879 remittit

208 912 215 921 '
320 909 591 983 Stamen
613 966 632 998 ‚
671 928 738 985 et
772 913 1081 1014 antiquas
1114 935 1373 992 exercet
1406 945 1642 992 aranea
1675 917 1856 992 telas.

2373 942 2464 1012 145

417 1026 506 1098 ΙΙ.
545 1026 754 1127 Lydia
791 1046 930 1103 tota
963 1029 1225 1120 fremit;
1264 1033 1703 1135 Phrygiaeque
1734 1063 1858 1135 per
1890 1033 2142 1137 oppida
2175 1033 2331 1109 facti

321 1143 585 1217 Rumor
617 1144 671 1217 it
692 1201 711 1233 ,
751 1163 818 1221 et
851 1175 1165 1243 magnum
1198 1149 1621 1224 sermonibus
1660 1151 1945 1252 occupat
1979 1151 2232 1228 orbem.

318 1258 498 1332 Ante
534 1287 695 1335 suos
730 1262 949 1337 Niobe
986 1262 1313 1341 thalamos
1347 1286 1752 1362 cognoverat
1782 1267 1997 1359 illam,

318 1376 494 1449 Tum
528 1405 736 1478 quum
772 1380 1128 1457 Maeoniam
1162 1382 1352 1479 virgo
1386 1383 1828 1486 Sipylumque
1853 1384 2160 1462 colebat:
2245 1452 2252 1461 .

316 1594 544 1629 mannus
574 1575 719 1631 dedit
743 1597 805 1631 ex
828 1578 994 1632 tribus
1010 1580 1209 1645 MSS.;
1232 1582 1341 1636 vul-

317 1671 384 1721 go
412 1660 518 1707 tolo
538 1674 728 1724 quoque
750 1674 964 1724 corpore.
984 1657 1132 1713 Licet
1149 1658 1342 1714 haheat

315 1732 491 1784 totum
528 1743 582 1786 et
618 1734 886 1805 integrum
929 1755 1118 1807 corpus
1137 1777 1152 1804 ,
1182 1758 1341 1808 parva

316 1820 496 1864 tamen
523 1822 601 1865 est
619 1852 634 1879 ‚
676 1823 731 1866 et
758 1815 937 1866 omnia
961 1816 1076 1884 ejus
1098 1817 1342 1871 membra

313 1898 440 1942 sunt
479 1889 641 1943 exilia.
689 1890 819 1943 Mox
860 1892 1113 1947 Heinsius
1165 1894 1344 1949 mallet

316 1976 490 2022 water
529 1974 664 2032 obit,
704 1970 796 2023 sed
833 1972 986 2025 male.
1022 1971 1308 2043 Eleganter
1323 2010 1341 2040 ‚

320 2049 498 2101 Cetera
540 2055 715 2101 venter
751 2052 931 2110 habet,
975 2060 1100 2103 sunt
1140 2061 1343 2104 venter.

321 2125 442 2193 111,
485 2126 646 2181 Trist.
693 2127 796 2193 IV,
836 2128 901 2194 46
931 2167 946 2194 ,
985 2131 1141 2181 babet
1177 2136 1346 2183 cetera

309 2213 514 2274 pontus.
545 2208 698 2260 Obie-e
728 2206 905 2279 potius
946 2207 1015 2260 de
1052 2218 1170 2262 actu
1186 2247 1203 2274 ‚
1237 2228 1345 2278 quo

318 2295 559 2339 mutatur
581 2283 791 2354 aliquid.
812 2285 840 2338 1
860 2324 876 2351 ,
904 2287 1020 2340 552.
1033 2288 1347 2349 -Exeaecet.

317 2364 564 2419 Debebat
591 2365 742 2435 sequi
767 2376 935 2420 artem
955 2406 970 2433 ,
1005 2367 1098 2422 sed
1121 2368 1248 2422 dixit
1269 2376 1347 2422 te·-

314 2446 401 2496 las
417 2483 431 2503 ,
457 2452 512 2497 et
532 2443 747 2513 quidem
770 2450 1037 2514 uniquus,
1088 2446 1345 2516 pristinas.

321 2522 461 2576 Nam
484 2541 713 2577 exercete
729 2523 952 2578 omnino
971 2536 1050 2579 est
1071 2537 1311 2580 tractare.

386 2600 633 2667 146-312.
680 2604 842 2655 Niobe
864 2642 879 2663 ‚
932 2602 1145 2657 Tantali
1191 2603 1299 2657 filia
1324 2642 1341 2671 ‚

318 2677 633 2748 Amphionis
653 2718 669 2746 ‚
700 2680 834 2750 regis
855 2679 1099 2751 Thebani
1119 2721 1136 2748 ‚
1176 2700 1306 2735 uxor
1326 2721 1342 2748 ‚

312 2756 520 2826 copiosa
541 2756 689 2826 prole
712 2757 1020 2827 superbiens
1048 2769 1103 2812 et
1126 2758 1343 2815 Latona

316 2854 367 2887 se
387 2836 700 2906 preferens,
726 2837 960 2907 primum
984 2839 1201 2893 orbatur
1222 2839 1343 2894 tiliis

317 2914 626 2985 filiabusque
644 2916 893 2971 omnibus
906 2957 922 2984 ,
947 2935 1069 2971 mox
1092 2918 1201 2987 ipsa
1218 2936 1345 2971 mu-

318 3002 459 3045 tatur
503 2993 560 3046 in
598 3013 796 3049 saxum.
845 2994 1044 3049 Fabula
1095 3014 1125 3047 a
1162 2995 1342 3051 multis

313 3064 682 3141 scriptoribus,
710 3072 888 3126 multis
910 3072 1193 3142 deperditis
1215 3086 1337 3129 tra-

318 3149 496 3220 goediis
514 3191 531 3219 ,
566 3151 744 3207 multis
778 3152 1173 3218 monumentis,
1201 3154 1344 3207 mul-

320 3229 385 3282 tis
409 3228 637 3300 denique
662 3230 934 3301 epitaphiis
956 3230 1228 3287 celebrata.
1257 3230 1341 3287 Cs.

321 3306 485 3361 Hom.
505 3308 565 3363 ll.
582 3318 635 3362 Ω.
647 3348 664 3375 ,
680 3309 779 3362 602
795 3328 909 3379 sqq.
927 3330 941 3372 ;
967 3307 1270 3363 Callimach.
1288 3308 1341 3364 h.

319 3385 495 3455 Apoll.
511 3407 604 3452 223
632 3387 855 3441 Pausan.
873 3385 1121 3441 Corinth.
1137 3406 1186 3457 p.
1214 3388 1340 3453 1503

321 3462 566 3532 Apollod.
600 3464 714 3531 111,
744 3482 798 3532 v,
824 3465 891 3531 6,
916 3464 1079 3534 quiin
1102 3464 1342 3535 plurimis

318 3543 581 3601 consentit
602 3562 727 3597 cum
743 3545 939 3598 Nostro
956 3566 970 3607 ς
990 3554 1044 3597 et
1058 3543 1216 3597 Diod.
1237 3544 1341 3599 sic.

319 3618 421 3687 IV,
445 3624 509 3691 74
525 3643 539 3687 3
554 3620 923 3691 &hol-Eurip.
939 3620 1005 3675 ad
1022 3622 1205 3677 Phoen.
1228 3622 1341 3691 162,

316 3719 346 3753 e
368 3697 505 3753 Cod.
520 3701 667 3756 Voss.
687 3724 701 3768 ;
722 3701 921 3773 Hygin.
947 3700 1125 3774 ἠὴρ,
1152 3720 1239 3768 ιο,
1265 3721 1341 3754 ιι.

318 3776 700 3833 Tractaverant
714 3779 827 3835 haec
840 3789 894 3832 et
908 3778 1128 3833 Hesiod.
1148 3779 1342 3835 Phere-

316 3858 473 3932 cydes
487 3901 502 3927 ‚
523 3860 828 3915 Hellanicus
851 3869 907 3912 et
923 3856 1135 3929 plurimi
1156 3870 1341 3931 poete.

317 3937 544 4009 Signum
553 3950 819 3994 vetustum
832 3938 1027 3995 Niobes
1037 3960 1161 3994 cum
1172 3940 1343 3995 liberis

316 4015 808 4071 excellentissimum
834 4018 1117 4073 Florentiae
1151 4039 1339 4074 serva-

320 4106 409 4149 tur
423 4134 440 4161 ,
459 4094 523 4148 de
543 4114 649 4164 quo
661 4096 975 4150 Winkelm.
992 4097 1046 4150 in
1068 4099 1205 4153 Hist.
1223 4100 1341 4156 Art.

317 4194 371 4245 p.
397 4192 523 4242 170,
549 4177 645 4226 205
663 4213 680 4241 ‚
704 4176 836 4241 2263
866 4187 922 4230 et
943 4177 999 4230 in
1018 4177 1169 4230 Mon.
1191 4177 1341 4232 lned.

320 4270 375 4306 n.
401 4254 480 4326 89.
516 4252 927 4324 Palaephat.cap.
948 4275 1007 4329 9,
1025 4254 1259 4309 fabulam
1272 4256 1346 4311 sic

321 4332 539 4402 explicat
553 4372 568 4400 ,
586 4333 795 4390 Nioben
806 4335 988 4397 secisse
1004 4334 1103 4390 sibi
1118 4347 1344 4391 statuam

1436 1583 1698 1654 lapideam
1716 1585 1769 1638 in
1787 1586 1993 1639 tumulo
2019 1585 2326 1640 liberorum.
2342 1585 2464 1640 Phi-

1436 1661 1619 1717 lemon
1631 1664 1735 1717 sab.
1749 1663 1873 1718 inde
1890 1674 2069 1717 natam
2091 1664 2460 1729 arbitrabatur,

1440 1741 1582 1813 quod
1620 1743 1790 1797 Niobe
1827 1762 1936 1814 pre.
1962 1742 2157 1798 doloris
2187 1744 2466 1815 magnitu-

1443 1819 1566 1873 dine
1607 1820 1739 1873 nihil
1777 1821 2019 1890 proloqui
2062 1821 2308 1892 potuerit.
2354 1821 2468 1875 Nec

1440 1898 1590 1951 aliter
1616 1897 1727 1952 Cic.
1744 1898 1900 1953 Tusc.
1921 1899 2002 1952 111
2026 1938 2041 1965 ,
2061 1898 2156 1952 26:
2180 1902 2343 1952 Niobe
2338 1902 2466 1968 fin-

1434 1981 1576 2043 μὴν
1590 1979 1798 2043 lapidea
1812 2017 1825 2037 ‚
1850 1983 2054 2043 propter
2069 1984 2303 2031 stemma
2321 2017 2335 2040 ,
2361 1997 2468 2031 cre-

1440 2055 1508 2106 do
1523 2092 1537 2111 ,
1591 2057 1647 2105 e’n
1701 2057 1839 2105 luctu
1886 2056 2157 2106 silentium.
2206 2055 2353 2108 Hinc
2398 2055 2462 2107 ab

1443 2128 1678 2182 AEschilo
1715 2128 1935 2185 inducta·
1959 2131 2131 2184 suerat
2172 2130 2345 2184 velato
2376 2149 2466 2183 ca-

1441 2209 1567 2278 pite.
1587 2212 1889 2265 -Ftemerae
1905 2210 1989 2264 hic
2006 2230 2118 2264 non
2136 2209 2201 2264 de
2219 2209 2466 2282 indigna-

1438 2287 1583 2341 tione
1608 2298 1663 2341 et
1692 2286 1874 2341 dolore
1897 2288 2233 2359 popularium
2259 2288 2466 2343 Arach-

1435 2384 1531 2419 nes
1552 2365 1900 2435 capiendum,
1937 2366 2028 2420 sed
2048 2407 2064 2434 ‚
2100 2378 2160 2420 ut
2183 2366 2454 2421 Sehirach.

1436 2454 1578 2498 recte
1603 2444 1844 2498 observat
1858 2484 1874 2513 ,
1901 2443 1968 2498 de
1987 2447 2129 2499 sama
2143 2455 2462 2515 pervagante

1439 2521 1661 2594 Lydiam
1689 2562 1704 2589 ,
1763 2524 1886 2592 quia
1931 2522 2043 2577 haec
2081 2523 2291 2594 dignior
2325 2525 2464 2577 sacto

1437 2601 1700 2657 Minerva
1718 2641 1734 2670 ,
1776 2622 1936 2672 quam
1972 2602 2281 2673 indignatio.
2306 2602 2465 2657 Pha-

1438 2676 1596 2745 dm,
1632 2682 1697 2747 1,
1726 2681 1899 2735 sabula
1929 2698 1998 2747 v,
2027 2700 2093 2734 ao
2127 2699 2142 2734 ε
2174 2682 2370 2734 Rumor
2400 2683 2464 2732 de

1410 2812 1415 2817 ,
1436 2761 1646 2811 uzal-ebe
1657 2758 1841 2826 fremit
1867 2764 1921 2810 in
1947 2762 2157 2812 theaetm.
2183 2758 2266 2812 De
2297 2759 2465 2812 Fama

1420 2836 1643 2905 straete
1665 2846 1749 2889 est
1767 2874 1782 2902 ‚
1813 2836 1924 2889 ΧΠ
1942 2875 1957 2902 ,
1991 2837 2100 2904 748.
2125 2835 2268 2891 Male
2290 2834 2427 2889 Rod.
2448 2875 2464 2902 ,

1437 2914 1634 2984 &daea
1669 2916 1798 2966 habt.
1817 2940 1888 2953 —·
1923 2915 1977 2965 lt
2003 2931 2100 2980 per
2131 2916 2318 2981 oppida
2341 2952 2357 2976 ‚
2405 2923 2467 2966 ut

1439 2992 1577 3063 apud
1604 2991 1891 3062 Virgilium
1906 3032 1922 3059 ‚
1943 2991 2102 3060 fana
2123 2996 2169 3045 e't
2184 3011 2283 3060 per
2304 2994 2468 3045 urbes.

1436 3072 1666 3129 -Male
1709 3072 1964 3129 Heinsius
1997 3070 2184 3135 suadet
2221 3090 2460 3139 nagnam

1436 3156 1628 3215 urbem,
1661 3151 1718 3205 id
1739 3161 1848 3218 est,
1876 3149 2083 3207 Sardes.
2119 3153 2298 3207 Immo
2327 3151 2465 3207 sama

1435 3229 1598 3300 serpit
1635 3229 1869 3299 primum
1908 3248 2004 3299 per
2047 3229 2300 3303 Lydiam,
2338 3247 2465 3282 mox

1436 3325 1533 3375 per
1553 3306 1782 3361 vicinam
1801 3307 2089 3381 Phrygiam
2102 3346 2117 3375 ,
2133 3306 2352 3363 tandem
2366 3326 2462 3376 per

1438 3395 1611 3441 totum
1637 3396 1902 3441 terrarum
1925 3386 2110 3440 orbem
2129 3425 2145 3451 ‚
2179 3393 2462 3455 penetrat-

1439 3464 1694 3534 que-adeo
1717 3476 1773 3521 et
1792 3465 2004 3520 Thebas
2023 3465 2090 3519 ad
2111 3465 2338 3521 Nioben.

1502 3548 1617 3617 ³49.
1639 3548 1941 3607 Maeniam„
1980 3546 2343 3615 imprimisque
2367 3546 2462 3599 Si·-

1428 3627 1604 3694 pylum
1630 3624 1850 3679 colebat.
1868 3624 2006 3679 Nam
2021 3626 2227 3696 Sefiylus
2240 3634 2294 3678 et
2308 3640 2464 3678 mons

1438 3711 1494 3754 et
1516 3700 1642 3754 urbs
1667 3701 1863 3773 Lydia.
1887 3701 2026 3757 Plin.
2050 3703 2104 3756 u
2122 3741 2138 3770 ,
2161 3706 2241 3774 59.
2265 3702 2461 3757 Anacr.

1441 3776 1549 3834 Od.
1600 3797 1698 3845 ao,
1740 3790 2057 3834 annumerat
2094 3780 2309 3850 quidem
2342 3798 2463 3839 eam

1440 3857 1687 3930 Phrygia
1705 3882 1719 3925 ς
1744 3859 1838 3914 sed
1858 3859 2020 3932 Lydia
2037 3860 2200 3915 relata
2214 3860 2343 3913 olim
2362 3858 2463 3912 suit

1439 3956 1469 3989 a
1510 3936 1688 3992 multis
1729 3937 1797 3991 ad
1839 3937 2128 4010 Phrygiam
2179 3938 2457 4006 -Magnann

1441 4016 1563 4070 vid.
1584 4017 1779 4072 Strabo
1798 4054 1815 4083 ‚
1841 4019 1926 4084 11,
1956 4038 2006 4087 p.
2030 4020 2111 4090 89.
2134 4018 2314 4073 Etiam
2339 4036 2462 4071 mox

1440 4114 1592 4153 versu
1623 4116 1708 4167 ¹77
1731 4137 1747 4164 ,
1769 4104 1943 4165 gentes
1963 4099 2207 4168 Pheyffl'e.
2228 4097 2465 4153 Euno-

1440 4177 1528 4230 nia
1567 4196 1688 4232 eam
1721 4196 1846 4232 cum
1879 4176 2076 4248 Pelope
2108 4177 2163 4231 in
2192 4177 2463 4248 Pelopon-

1438 4274 1632 4311 nesum
1658 4256 1859 4311 venisse
1878 4296 1894 4325 ,
1929 4266 2080 4326 putat
2113 4256 2359 4330 Heynius
2395 4255 2461 4309 ad

1443 4338 1687 4407 Apollod.
1712 4339 1763 4394 d.
1787 4339 1820 4394 l.
1844 4377 1859 4407 ,
1885 4340 1986 4395 nisi
2007 4341 2190 4410 potius
2213 4341 2268 4394 in
2295 4337 2462 4413 Lydia
