3217 5134
858 527 989 613 402
1411 527 1491 592 P.
1552 526 1910 595 ovmn
1965 522 2430 593 NASONIS

857 669 958 742 Ne
996 685 1211 741 tamen
1241 663 1355 740 ille
1390 692 1619 754 canor,
1653 662 2035 739 mulcendas
2066 679 2262 738 natus
2296 663 2380 738 ad
2415 692 2604 739 aures
2623 722 2643 755 ‚

858 791 1205 887 Tantaque
1240 783 1362 857 dos
1401 782 1537 857 oris
1571 780 1812 876 linguae
1843 778 2231 881 deperderet
2265 804 2462 853 usum
2484 837 2506 867 ‚

862 903 1163 1001 Virginei
1200 899 1426 975 vultus
1449 955 1469 987 ,
1508 915 1575 973 et
1613 925 1738 971 vox
1770 897 2057 970 humana
2086 893 2421 969 remansit.

971 1058 1006 1091 ‚2
1044 1023 1138 1097 At
1165 1016 1425 1094 medius
1458 1014 1812 1114 fratrisque
1845 1012 1949 1087 sui
1978 1029 2359 1113 moestaeque
2396 1015 2689 1103 sororis,

863 1141 1132 1243 Jupiter
1160 1164 1239 1210 ex
1274 1161 1465 1233 aequo
1498 1128 1873 1203 volventem
1908 1128 2144 1203 dividit
2176 1156 2445 1203 annum.
2884 1154 2959 1207 563

862 1263 1056 1335 Nunc
1087 1256 1229 1328 Dea
1251 1307 1270 1339 ‚
1306 1275 1663 1344 regnorum
1688 1274 1934 1321 numen
1970 1273 2321 1321 commune
2357 1244 2642 1331 duorum
2665 1304 2686 1333 ‚

869 1378 1039 1452 Cum
1072 1385 1278 1444 matre
1314 1381 1414 1439 est
1451 1363 1764 1451 totidem,
1800 1360 2081 1435 totidem
2116 1390 2266 1434 cum
2301 1362 2584 1461 conjuge
2618 1393 2880 1440 menses.

866 1489 1167 1564 Vertitur
1196 1478 1529 1581 extemplo
1561 1478 1760 1552 facies
1780 1535 1800 1567 ‚
1837 1495 1904 1551 et
1932 1477 2209 1566 mentiS‚
2240 1496 2309 1552 et
2341 1479 2476 1552 oris
2504 1511 2521 1566 ;

865 1610 1035 1682 Nam
1058 1660 1077 1691 ,
1109 1598 1311 1675 modo
1347 1624 1491 1699 quae
1524 1612 1793 1696 poterat
1820 1593 1964 1667 Diti
1996 1622 2263 1695 quoque
2298 1612 2532 1689 moesta
2567 1594 2776 1672 videri
2798 1653 2815 1684 ,

865 1727 1045 1800 Laeta
1082 1720 1238 1791 Deae
1271 1714 1456 1788 frons
1491 1728 1638 1798 est;
1673 1728 1751 1784 ut
1783 1708 1945 1799 Sol,
1985 1710 2102 1812 qui
2140 1728 2353 1785 tectus
2385 1711 2657 1812 aquosis
2872 1733 2950 1801 ⁵⁴5⁰

870 1836 1181 1914 Nubibus
1211 1848 1361 1908 ante
1388 1828 1555 1916 suit,
1593 1827 1785 1900 victis
1820 1828 1943 1901 ubi
1972 1828 2277 1901 nubibus
2313 1828 2467 1902 exit.

971 1989 1008 2021 »
1048 1949 1278 2046 Exigit
1305 1947 1474 2023 alma
1506 1945 1735 2032 Ceres,
1764 1960 1920 2017 nata
1953 1972 2183 2019 secura
2215 1961 2476 2045 recepta
2500 1999 2519 2031 ‚

873 2117 982 2188 gius
1004 2113 1051 2166 B
1072 2152 1087 2177 ‚
1115 2113 1281 2164 subito
1296 2147 1310 2169 ‚
1354 2104 1493 2176 quod
1532 2103 1657 2157 ferri
1682 2112 1886 2172 potest3
1983 2103 2110 2172 pina
2130 2114 2185 2156 et
2206 2101 2380 2155 Diana
2401 2141 2417 2168 ‚
2446 2120 2509 2155 ex
2531 2119 2692 2169 equo
2717 2110 2953 2167 utrumque

871 2204 924 2248 at
940 2190 1149 2246 Codicis
1166 2187 1212 2241 A
1227 2184 1381 2240 lectio
1395 2192 1473 2237 est
1492 2190 1680 2235 notatu
1697 2179 1886 2249 dignu
1980 2170 2408 2250 hemispherium
2428 2218 2444 2247 ‚
2470 2180 2717 2248 superins
2739 2191 2868 2248 atque
2885 2178 2956 2230 in-

870 2271 1060 2328 seilicet
1081 2290 1094 2323 ι
1117 2274 1172 2321 e‘n
1185 2274 1330 2319 attus
1352 2265 1569 2317 Vidistis·
1588 2267 1785 2313 vestros
1804 2278 1893 2312 su·
1987 2257 2152 2311 serius
2169 2256 2407 2313 illustret.
2427 2258 2529 2309 Ed.

873 2355 1012 2404 bitus
1027 2350 1303 2416 flavescere
1323 2357 1523 2409 pennas
1548 2358 1565 2391 .·
1598 2355 1709 2391 non
1752 2335 1892 2389 male
2053 2334 2166 2388 568.
2182 2337 2364 2388 Facies
2379 2339 2577 2395 mente),
2600 2334 2803 2388 affectio
2817 2332 2959 2386 animi.

873 2436 1012 2482 certe
1032 2464 1047 2491 ,
1084 2420 1173 2477 sed
1213 2431 1389 2473 tamen
1425 2417 1602 2469 minus
1632 2414 1890 2469 concinne
1985 2439 2053 2452 —
2076 2414 2200 2465 Diti
2234 2432 2437 2481 quoque.
2489 2411 2622 2480 Ejus
2668 2411 2806 2465 enim
2841 2414 2961 2475 capa!

875 2515 930 2559 et
951 2503 1219 2571 eleganter
1245 2514 1406 2566 quam
1432 2493 1655 2563 vulgata.
1679 2494 1777 2544 Ed.
1987 2495 2307 2543 nea-sumam
2339 2492 2494 2542 nubes
2539 2490 2764 2557 Aspera!
2793 2495 2842 2540 et
2868 2490 2962 2538 dite

944 2580 1055 2634 561.
1082 2579 1247 2631 Natus
1268 2576 1354 2626 ad.
1382 2570 1520 2625 Vide
1544 2570 1610 2623 ad
1636 2571 1691 2625 11
1714 2610 1732 2638 ,
1759 2569 1854 2623 223
1872 2609 1890 2637 ,
1987 2574 2117 2637 riget
2144 2573 2464 2622 inclementia
2485 2568 2690 2637 fhrm,
2727 2564 2966 2620 Ciaudiau.

876 2669 1028 2717 natus
1061 2660 1138 2713 ad
1158 2674 1315 2711 sacta
1341 2654 1627 2716 Cithae-0115
1668 2660 1722 2704 et
1757 2650 1894 2702 infra
1991 2645 2021 2699 I
2039 2685 2055 2712 ,
2090 2646 2170 2699 81.
2201 2647 2265 2700 ln
2295 2645 2346 2699 h.
2377 2646 2598 2700 Homer.
2629 2648 2744 2711 445,
2776 2642 2967 2712 Jupiter

879 2736 1372 2815 591.-Deperderet.
1393 2729 1576 2785 Codex
1596 2728 1792 2799 Regius
1809 2727 1855 2781 B
1877 2767 1894 2795 ,
1990 2742 2087 2793 per
2128 2721 2336 2776 Rheam
2385 2721 2573 2777 Cereri
2607 2722 2751 2775 offert
2789 2717 2967 2773 condi-

877 2842 939 2877 ηε
948 2822 1207 2891 perderet:
1231 2814 1342 2868 hcc
1363 2809 1607 2882 repetitio
1621 2849 1637 2878 ,
1652 2828 1714 2861 ne
1731 2814 1894 2861 lamen
1991 2802 2194 2855 tionem
2219 2800 2355 2854 hanc
2369 2838 2385 2866 ,
2414 2810 2473 2854 ut
2489 2800 2594 2853 fitia
2609 2800 2802 2853 tertiam
2817 2797 2968 2863 cuius·

874 2906 966 2955 ille
1008 2916 1166 2953 canor
1162 2930 1338 2949 .......
1376 2911 1442 2944 ne
1467 2892 1721 2958 perderet,
1774 2897 1894 2940 ante
1994 2898 2095 2949 que
2121 2879 2247 2932 anni
2277 2888 2482 2948 partem
2505 2895 2628 2931 cum
2655 2876 2861 2930 Plutone
2884 2872 2966 2937 sit,

878 2997 1049 3034 unum
1070 2973 1293 3028 verbum
1317 2968 1545 3023 insolens
1570 2975 1678 3032 est,
1694 2964 1897 3019 etiamsi
1993 2956 2122 3010 duas
2171 2957 2395 3025 reliquas
2441 2974 2567 3009 cum
2612 2955 2718 3023 ipsa
2759 2952 2814 3005 in
2853 2950 2965 3005 oeto.

890 3051 1203 3126 quibusdam
1219 3067 1332 3103 non
1360 3047 1578 3116 ingrata.
1598 3044 1699 3096 Ed.
1998 3034 2322 3090 conditione
2352 3054 2414 3088 ea
2438 3043 2647 3104 accepta
2668 3073 2684 3100 ‚
2705 3031 2830 3102 agris
2844 3030 2964 3083 uber·

949 3130 1060 3195 564„
1076 3125 1468 3193 Hede‘usfiattelr
1483 3129 1535 3175 e!
1546 3124 1760 3184 :amris-5
1782 3137 1896 3171 me-
1992 3125 2154 3169 tatem
2192 3112 2382 3168 reddit.
2407 3112 2494 3166 Sic
2524 3123 2578 3166 et
2617 3109 2848 3182 Apollod.
2870 3108 2966 3160 Fab-

884 3204 1000 3260 dius
1020 3204 1162 3258 inter
1180 3204 1397 3256 fratrem
1420 3211 1473 3254 et
1495 3216 1732 3254 sororem
1754 3235 1769 3263 ,
1793 3195 1896 3250 hoc
1990 3192 2117 3247 inde
2141 3203 2313 3246 ortam
2330 3201 2479 3263 putat
2501 3190 2681 3245 Schol.
2707 3186 2902 3244 Hesiod.
2916 3184 2965 3237 ad

881 3295 959 3339 est
975 3324 992 3350 ,
1017 3281 1225 3352 utrique
1241 3296 1389 3349 aque
1408 3279 1600 3331 favens.
1616 3273 1894 3340 Horat.11‚
1993 3272 2096 3327 Th.
2122 3275 2222 3343 9¹4
2240 3310 2255 3338 ,
2294 3271 2416 3341 quia
2438 3271 2654 3340 [rugum
2681 3269 2870 3323 semina
2887 3263 2968 3317 ali·

887 3362 996 3418 Od.
1016 3376 1111 3415 xlx
1131 3398 1147 3427 ,
1177 3359 1240 3411 28
1253 3396 1268 3425 ,
1290 3359 1447 3410 Pacis
1466 3358 1660 3407 medius
1684 3358 1736 3406 e!
1749 3355 1893 3414 belli,
1993 3360 2122 3420 quot
2145 3368 2350 3403 menses
2368 3350 2466 3403 sub
2487 3359 2632 3402 terra
2647 3347 2860 3412 lateant,
2878 3341 2968 3396 reli·

883 3440 938 3496 id
975 3452 1079 3508 est,
1123 3438 1332 3508 utrique
1377 3453 1524 3503 eque
1571 3432 1809 3486 idoneus.
1830 3458 1898 3471 —
1993 3446 2162 3498 quum
2195 3437 2403 3496 tempus
2446 3445 2606 3497 supra
2645 3436 2836 3480 terram
2865 3437 2966 3474 αν

897 3524 1179 3575 Volecntem
1201 3556 1218 3579 ‚
1265 3514 1457 3570 scilicet
1483 3552 1499 3579 ,
1538 3530 1593 3564 se
1620 3550 1635 3579 ,
1677 3510 1898 3563 verbum
1992 3519 2207 3563 nantur.

888 3610 1068 3672 aptum
1087 3596 1152 3651 de
1171 3595 1394 3650 decursu
1408 3591 1532 3645 anni
1547 3631 1563 3657 ,
1586 3590 1676 3660 qui
1690 3607 1899 3658 semper
2060 3586 2297 3656 572-641.
2318 3586 2573 3652 Alpheus,
2605 3583 2740 3637 dum
2755 3579 2973 3635 Arethusa

888 3680 943 3733 in
961 3679 1144 3731 orbem
1168 3672 1321 3728 redit.
1343 3673 1566 3727 Homer.
1584 3675 1679 3729 ἕως
1700 3672 1900 3744 ειμι-λα’·
1993 3662 2242 3736 Nympha
2275 3663 2333 3716 in
2372 3664 2486 3732 ejus
2523 3660 2747 3715 flumine
2782 3657 2970 3711 lavatur.

884 3781 1108 3828 μενον.-
1127 3755 1213 3807 Es
1233 3772 1397 3821 equo,
1436 3750 1491 3803 in
1517 3767 1689 3817 aquas
1713 3757 1900 3816 partes.
1995 3759 2174 3794 amore
2210 3740 2324 3808 ejus
2360 3738 2582 3793 ardescit
2613 3738 2971 3807 fugientemque

883 3862 952 3878 -
973 3835 1096 3888 Cam
1119 3839 1309 3894 matt-m·
1342 3838 1403 3882 ut
1432 3846 1527 3897 per
1548 3844 1635 3881 sex
1655 3843 1860 3877 menses
1881 3862 1897 3890 ,
1993 3818 2356 3889 pers-equitum
2401 3828 2457 3870 et
2485 3815 2577 3869 ubi
2604 3814 2689 3868 illa
2715 3814 2768 3867 in
2797 3812 2972 3864 sontem

886 3911 1074 3983 quibua
1093 3908 1184 3963 Sol
1199 3908 1253 3960 in
1276 3905 1433 3976 signis
1449 3914 1528 3957 est
1545 3901 1897 3969 Australibus,
1994 3904 2232 3948 mutatur
2249 3934 2266 3962 ‚
2294 3905 2346 3948 et
2373 3895 2480 3964 ipse
2503 3893 2559 3946 in
2584 3891 2816 3963 propriae
2835 3882 2974 3939 undas

881 3988 1025 4061 apud
1066 3986 1317 4042 maritum
1363 3983 1429 4036 sit
1445 4022 1462 4049 ,
1491 3980 1628 4034 infra
1666 3989 1860 4032 terram
1881 4001 1895 4045 ς
1994 3975 2233 4036 vertitur,
2273 3983 2335 4025 ut
2357 3991 2412 4025 se
2450 3970 2500 4024 ei
2539 3969 2767 4022 misceat.
2803 3960 2974 4017 Confer

884 4088 972 4123 sex
986 4067 1130 4131 alios,
1143 4061 1455 4136 quibusvisit
1465 4057 1703 4113 Borealia
1715 4076 1897 4127 regna,
1995 4052 2217 4105 Pausan.
2241 4050 2312 4117 V,
2338 4070 2389 4119 p.
2410 4049 2509 4121 389
2526 4067 2638 4117 sqq.
2655 4045 2809 4117 quiet
2829 4037 2972 4095 addit,

888 4152 1162 4213 emergant
1179 4181 1195 4208 ,
1218 4146 1605 4203 maturescant,
1634 4134 1687 4188 in
1710 4134 1900 4187 horrea
1992 4128 2180 4183 sabula
2205 4127 2329 4182 inde
2364 4127 2538 4180 locum
2566 4124 2776 4190 datum,
2802 4119 2911 4189 qui·
2928 4114 2976 4165 3¹¹

892 4220 1238 4290 deportentur
1254 4219 1441 4287 fruges.
1460 4214 1559 4266 Vel
1576 4213 1735 4266 etiam
1756 4209 1899 4281 quod
1996 4206 2315 4260 Arethusam
2351 4205 2557 4257 sontem
2608 4201 2841 4255 illabatur
2887 4190 2977 4246 Al·-

888 4297 1068 4363 Luna‚
1093 4314 1211 4365 qua
1234 4293 1418 4346 eadem
1444 4300 1521 4345 est
1544 4308 1661 4359 quae
1677 4289 1900 4373 Proser·
1993 4284 2196 4355 ptieus;
2232 4283 2297 4337 de
2344 4302 2448 4352 quo
2479 4300 2661 4336 errore
2699 4278 2892 4332 dietum
2922 4267 2975 4323 ad
