3217 5134
648 671 761 774 P.
843 667 1358 775 OVIDII
1439 668 2095 774 NASONIS

428 891 2336 1067 METAMORPHOSEON

854 1159 1233 1245 LIBER
1289 1139 1916 1261 QUINTUS.

392 1546 479 1608 N.
501 1544 580 1605 B.
598 1544 1018 1630 Argumentum
1032 1546 1203 1632 hujus
1224 1546 1385 1607 Libri
1405 1547 1589 1629 quinti
1607 1547 2153 1630 Metamorphoseon
2171 1592 2190 1626 ,
2209 1547 2446 1610 relatum

309 1653 567 1718 invenies
597 1655 657 1714 iu
687 1655 829 1723 serie
856 1655 1142 1717 Canu-:111
1168 1700 1188 1734 ,
1219 1677 1389 1737 supra
1416 1677 1544 1742 pag.
1575 1653 1678 1718 36.

308 1886 485 1959 ΓΑΒ.
514 1887 570 1959 Ι.
610 1856 980 1974 DUMQUE
1013 1914 1088 1960 ea
1118 1885 1512 1989 Cephenum
1544 1884 1764 1958 medio
1794 1885 2131 1961 Danaeius
2162 1886 2364 1960 heros

309 2001 600 2098 Agmine
636 2020 1108 2077 commemorat
1124 2058 1144 2092 ,
1178 2002 1445 2078 fi-emitu
1478 2000 1724 2097 regalia
1757 2001 1969 2075 turbae

376 2204 566 2256 1-235.
601 2205 824 2256 Phineus
844 2210 897 2255 e!
906 2206 1049 2256 socii.
1061 2200 1329 2269 Phineus,

307 2280 479 2334 frater
504 2277 745 2348 Cephei,
771 2280 856 2334 cui
883 2279 1190 2350 desponsata
1220 2288 1333 2332 erat

308 2356 665 2411 Andromeda
681 2397 697 2423 ‚
724 2358 940 2427 indigne
962 2358 1137 2411 serens
1154 2360 1173 2425 ,'
1187 2376 1333 2426 erep-

305 2444 420 2489 tam
453 2434 551 2488 sibi
580 2436 644 2488 ab
670 2433 872 2488 advena
891 2453 1136 2504 sponsam
1155 2475 1170 2501 ,
1207 2453 1332 2488 cum

304 2531 503 2582 magna
534 2522 862 2565 armatorum
896 2531 1060 2566 manu
1096 2512 1250 2567 irruit
1274 2512 1330 2565 in

309 2591 507 2644 atrium
530 2630 547 2659 ,
592 2591 648 2644 in
689 2609 795 2660 quo
835 2590 1134 2645 convivium
1180 2588 1331 2644 cele-
1368 2576 1391 2607 ⁸

304 2668 572 2722 brabatur.
612 2667 759 2722 Hinc
785 2687 1007 2739 magnus
1029 2669 1286 2722 tumultus
1312 2706 1328 2734 ,

307 2766 502 2818 magna
538 2746 805 2817 utrimque
829 2748 1010 2803 coedes.
1036 2747 1124 2801 Ad
1147 2759 1332 2801 extre-

308 2844 463 2879 mum
488 2824 723 2879 adfertur
742 2825 981 2880 Medusa
1001 2836 1156 2896 caput
1172 2866 1188 2894 ,
1226 2843 1331 2896 quo

305 2913 618 2973 conspecto,
645 2903 878 2958 Phineus
913 2922 1036 2957 cum
1060 2903 1210 2957 sociis
1244 2922 1335 2956 re-

304 2981 466 3052 liquis
488 2981 543 3034 in
567 3001 746 3035 saxum
762 2992 1011 3035 mutatur.
1027 2981 1150 3035 Jam
1166 3000 1333 3050 quum

306 3061 607 3128 Homerus,
625 3070 681 3115 et
698 3060 948 3130 Virgilius
966 3100 981 3129 ,
999 3059 1126 3112 AEn.
1153 3060 1231 3113 lx
1245 3099 1260 3127 ,
1280 3068 1336 3112 et

305 3138 457 3193 libris
478 3160 589 3209 sqq.
610 3179 626 3206 ,
651 3138 987 3210 copiosissimi
1011 3138 1116 3191 sint
1137 3137 1194 3190 in
1219 3155 1332 3191 εω-

307 3216 467 3273 dibus
484 3216 763 3287 diligenter
781 3215 1134 3270 describendis
1149 3254 1165 3282 ,
1193 3214 1333 3269 Nos-

305 3306 390 3351 ter
430 3306 543 3350 tam
581 3295 692 3362 hic,
724 3314 882 3365 quam
920 3295 1030 3349 ΧΠ
1066 3293 1123 3347 in
1154 3313 1332 3364 pugna

312 3374 715 3429 Centaurorum
733 3414 748 3442 ,
773 3392 961 3427 eorum
984 3373 1218 3442 exempla
1235 3392 1332 3426 se-

308 3464 510 3527 quutus
527 3465 623 3520 est,
639 3466 691 3509 et
703 3454 907 3510 Phinea
927 3452 1068 3508 baud
1081 3453 1237 3508 dubie
1250 3473 1335 3508 as-

308 3536 541 3592 similare
566 3537 755 3590 Turno
777 3536 942 3590 voluit
957 3576 972 3602 ,
1000 3536 1255 3607 pugnanti
1279 3547 1333 3591 et

308 3615 407 3686 ipsi
446 3615 518 3667 ob
551 3626 862 3685 pren-eptam
894 3615 991 3669 sibi
1029 3614 1092 3667 ab
1129 3612 1333 3668 advena

308 3711 579 3764 sponsam.
615 3692 929 3747 Notabimus
952 3701 1128 3745 autem
1153 3691 1206 3746 in
1237 3691 1335 3746 hac

310 3771 564 3826 carminis
588 3781 733 3840 parte
758 3769 1066 3823 varietatem
1089 3788 1335 3840 pugnan-

312 3848 484 3915 tium;
512 3848 604 3918 qui
629 3858 809 3915 etate,
837 3847 960 3903 vitaz
983 3866 1176 3919 genere
1193 3887 1209 3914 ,
1239 3867 1336 3916 pa·-

309 3925 417 3978 tria
437 3963 455 3992 ,
488 3926 679 3989 ornatu
700 3964 716 3993 ,
742 3925 977 3979 moribus
991 3964 1005 3991 ,
1033 3925 1219 3978 mortis
1240 3943 1336 3994 ge·-

312 4022 447 4058 nere
471 4003 801 4061 differebant.
830 4003 1018 4057 Mirari
1054 4013 1234 4057 autem
1269 4003 1337 4056 li-

313 4092 434 4150 cet,
473 4102 536 4136 ex
572 4093 650 4136 tot
685 4083 898 4137 diversis
936 4092 990 4136 et
1027 4080 1336 4135 distantibus

316 4180 420 4233 gen
427 4160 563 4215 tibus
574 4161 849 4215 bellatores
863 4162 917 4214 in
935 4159 1205 4231 AEthiopia
1218 4159 1337 4213 suis-

316 4259 392 4297 se.
414 4241 540 4297 Non
563 4252 724 4312 puto,
749 4240 1006 4299 Ovidium
1033 4258 1222 4297 eorum
1244 4257 1337 4294 no·

1428 2200 1574 2256 mina
1625 2201 1831 2291 finxisqe
1852 2224 1865 2268 ς
1908 2202 2003 2257 sed
2020 2242 2037 2270 ‚
2087 2213 2148 2258 ut
2191 2204 2277 2260 111
2294 2244 2342 2283 ⁹,
2352 2208 2448 2260 206

1426 2302 1537 2352 sqq.
1553 2322 1569 2349 ,
1608 2301 1803 2337 canum
1838 2283 2102 2338 Actaeonis
2116 2322 2133 2349 ,
2173 2294 2228 2338 et
2247 2284 2315 2338 ib.
2345 2287 2445 2340 605

1426 2382 1536 2431 sqq.
1548 2373 1830 2419 nautarum
1847 2362 2256 2434 Tyrrhenorum
2269 2365 2450 2419 nomi-

1426 2457 1496 2491 na
1511 2476 1527 2504 ,
1560 2437 1625 2492 ab
1646 2439 1942 2508 antiquiore
1968 2450 2124 2509 poeta
2151 2442 2362 2511 accepit.
2396 2441 2445 2495 E

1424 2515 1789 2585 scriptoribus,
1816 2517 1908 2586 qui
1936 2525 2167 2585 restant,
2195 2528 2300 2573 tres
2328 2529 2451 2572 tan-

1428 2605 1543 2650 tum
1558 2597 1789 2651 breviter
1800 2597 1959 2665 hujus
1976 2599 2051 2651 rei
2062 2599 2447 2664 meminerunt3

1428 2674 1802 2745 Apollodorus,
1819 2676 1904 2738 ΙΙ,
1925 2691 2005 2742 ιν,
2026 2678 2058 2730 3
2075 2716 2091 2743 ,
2109 2677 2197 2730 ubi
2215 2677 2450 2733 Phineus

1425 2755 1701 2806 absidiam:
1712 2753 1907 2806 Perseo
1922 2775 1935 2817 ;
1959 2754 2225 2824 Hyginus,
2244 2755 2345 2808 sab.
2362 2756 2445 2821 64,

1429 2847 1535 2898 quo
1554 2839 1768 2882 auctore
1789 2827 2038 2898 Cepheus
2051 2830 2159 2899 ipse
2176 2850 2299 2883 cum
2318 2831 2452 2901 Age·

1429 2923 1560 2957 nore
1576 2944 1592 2970 ,
1608 2906 1758 2973 cujus
1769 2924 1959 2974 sponsa
1978 2905 2321 2960 Andromeda
2341 2910 2450 2961 sue-

1429 2991 1539 3047 rat,
1566 2981 1776 3035 insidias
1795 2983 1985 3047 struit;
2010 2994 2068 3036 et
2087 2982 2312 3054 Conon,
2343 2989 2415 3053 40'
2431 3026 2448 3053 ,

1431 3059 1568 3129 apud
1600 3078 1762 3129 quem
1787 3059 2138 3115 Andromeda
2160 3061 2293 3117 duos
2323 3082 2450 3135 pro-

1428 3163 1515 3200 cos
1539 3143 1695 3198 babet
1710 3184 1725 3209 ,
1757 3144 1959 3199 Phinea
1975 3157 2028 3200 et
2047 3146 2368 3202 Pboeuicem.
2384 3178 2451 3191 -

1427 3225 1675 3292 Dumque.
1695 3220 1879 3276 Codex
1899 3223 2095 3295 Regius
2108 3225 2154 3280 A
2175 3267 2191 3295 ,
2212 3227 2452 3297 Cumque,

1427 3302 1589 3356 dubio
1605 3302 1814 3372 procul,
1835 3323 2015 3358 errore
2042 3306 2333 3359 miniatoris
2358 3307 2451 3376 qui

1427 3379 1635 3435 literam
1673 3379 1717 3434 C
1758 3401 1856 3452 pro
1893 3381 1946 3434 D
1988 3383 2184 3453 pinxit:
2209 3394 2350 3436 ‘nam
2395 3385 2451 3437 in

1433 3458 1605 3513 Codd.
1639 3460 1865 3529 antiquis
1881 3498 1897 3526 ,
1921 3460 2222 3528 majusculae
2247 3460 2407 3514 literae
2427 3501 2445 3528 ,

1429 3556 1539 3590 non
1563 3556 1724 3590 manu
1743 3547 2038 3604 exarantur,
2055 3536 2146 3590 sed
2162 3537 2453 3607 pinguntur

1429 3612 1511 3667 vel
1533 3613 1731 3679 minio,
1743 3613 1826 3665 vel
1842 3631 2066 3680 cerussa,
2082 3612 2327 3667 vividisve
2343 3614 2453 3669 aliis

1428 3691 1707 3755 coloribu23
1723 3689 2003 3760 aliquando
2015 3690 2313 3760 bominum,
2329 3710 2453 3761 qua·

1431 3768 1731 3838 drupedum
1745 3808 1761 3837 ,
1781 3769 2003 3823 altilium
2021 3809 2036 3837 ,
2057 3770 2304 3823 arborum
2319 3810 2335 3837 ,
2357 3770 2458 3823 sso-

1431 3865 1573 3914 rum,
1587 3847 1714 3917 quin
1730 3856 1784 3900 et
1795 3845 2163 3900 chimera-um
2181 3847 2361 3917 figuris
2376 3866 2457 3899 or-

1432 3934 1706 3991 nantur3et
1716 3925 1779 3979 ad
1793 3925 1843 3979 id
1857 3945 2050 3981 vacuus
2058 3926 2455 3997 relinquebatur

1432 4005 1576 4060 locus
1589 4046 1604 4072 ,
1630 4016 1691 4060 ut
1711 4007 1962 4060 miniator
1979 4007 2071 4074 (sic
2087 4008 2343 4078 pictorem
2355 4028 2453 4061 vo-

1432 4084 1641 4149 cabant)
1655 4084 1779 4138 tales
1793 4080 2073 4156 effingeret
2086 4085 2455 4157 imagines.Ed.

1500 4182 1546 4214 2.
1569 4162 1782 4229 Agmen,
1810 4165 2324 4229 centum-Fremitus,
2345 4185 2460 4236 pro-

1432 4239 1664 4296 miscuus
1689 4239 1889 4295 clamor
1912 4240 2209 4298 multorum
2230 4261 2340 4298 una
2365 4261 2462 4297 vo-
