3217 5134
632 493 1671 565 METAMORPHOSEON
1725 497 1919 567 LIB.
1975 500 2037 568 I.
2317 501 2404 569 65

264 642 593 740 Quasque
627 637 1135 726 recondiderat,
1184 638 1568 739 Stygiisque
1602 638 1982 715 admoverat
2016 641 2272 717 umbris
2292 700 2312 734 ,
2389 698 2401 715 ,

261 753 710 832 Effodiuntnr
739 782 936 856 opes,
974 754 1387 829 irritamenta
1420 752 1768 829 malorum.
2175 790 2186 801 ·
2317 781 2415 851 140

264 875 555 972 Jamque
588 898 842 945 nocens
872 870 1159 959 serrum,
1193 870 1503 971 ferroque
1537 871 1890 945 nocentius
1923 900 2157 948 aurum

266 989 710 1066 Prodierant:
747 987 981 1090 prodit
1012 986 1299 1075 bellum,
1337 986 1522 1088 quod
1550 1006 1811 1088 pugnat
1839 1005 2169 1091 utroque;

266 1106 789 1206 Sanguineaque
824 1134 1025 1179 mann
1062 1103 1453 1205 crepitantia
1487 1106 1789 1180 concutit
1823 1136 2020 1182 arma.

266 1224 544 1297 Vivitur
568 1251 649 1296 ex
679 1238 875 1322 rapto
907 1251 922 1294 ε
954 1249 1095 1293 non
1124 1218 1373 1321 hospes
1402 1221 1486 1295 ab
1526 1219 1797 1323 hospite
1830 1240 2015 1298 tutus
2035 1281 2054 1314 ‚

266 1343 431 1415 Non
468 1366 658 1412 socer
689 1366 725 1411 a
762 1366 1049 1434 genero:
1080 1336 1356 1411 fratrum
1395 1366 1665 1439 quoque
1702 1340 1913 1434 gratia
1944 1370 2093 1416 rara
2121 1360 2259 1417 est:
2317 1364 2413 1434 145

265 1455 586 1529 Imminet
618 1456 822 1529 exitio
859 1455 961 1528 vir
996 1454 1342 1553 conjugis,
1379 1452 1493 1526 illa
1523 1454 1743 1527 mariti
1779 1470 1810 1528 ε’

264 1571 520 1646 Lurida
556 1568 887 1644 terribiles
920 1569 1203 1645 miscent
1231 1569 1492 1644 aconita
1525 1598 1863 1646 novercae:

345 1788 367 1821 ι
375 1767 459 1838 39.
476 1767 714 1834 Quasque
725 1763 1302 1831 recondoeerat‚etc.sed

267 1845 487 1918 egregie
516 1844 583 1898 de
618 1863 811 1914 genere
848 1842 1086 1897 humano
1123 1843 1303 1897 meriti

268 1937 399 1980 sunt
413 1964 430 1992 ,
457 1922 547 1994 qui
568 1922 777 1976 metalla
796 1922 985 1991 quibus
1004 1940 1141 1992 aegre
1158 1930 1301 1975 caret

268 2004 379 2057 vita
403 2001 639 2056 humana
657 2041 673 2067 ‚
714 2015 759 2053 e'
780 2000 933 2053 terris
957 1999 1116 2069 primi
1140 2018 1293 2052 erue—

270 2093 435 2150 runt,
473 2100 767 2152 eorumque
803 2100 959 2135 usum
997 2080 1300 2134 hominibus

270 2162 745 2222 demonstr-aruum
770 2159 928 2230 idque
955 2159 1024 2213 ob
1047 2158 1300 2213 meritum

272 2241 429 2297 multi
452 2240 588 2295 adeo
610 2240 752 2295 inter
775 2239 919 2293 Deos
945 2238 1093 2292 relati
1122 2249 1246 2292 sunt
1268 2258 1299 2292 a

272 2332 422 2391 grata
439 2319 760 2391 posteritate.
801 2318 1010 2372 Abusus
1030 2335 1143 2370 non
1165 2317 1303 2371 tollit

272 2419 450 2455 usum.
486 2399 624 2454 Plin.
665 2398 739 2451 H.
776 2398 843 2452 N.
885 2397 1122 2451 XXXIV
1141 2435 1157 2463 ‚
1203 2398 1293 2464 14,

268 2481 478 2533 serrum
505 2486 655 2529 vocat
679 2481 914 2541 optimum
930 2481 1300 2543 pessimumque

269 2562 392 2610 vile
408 2560 785 2607 mstmmentum
806 2591 822 2616 ‚
848 2550 990 2620 quod
1007 2549 1199 2604 deinde
1216 2570 1299 2603 ex·

272 2635 447 2705 plicat.
474 2632 659 2701 Neque
681 2631 883 2685 Natura
908 2629 1018 2682 illas
1040 2634 1164 2699 opes
1190 2638 1297 2680 tam

268 2713 375 2766 alte
389 2708 715 2765 abscondidit
729 2729 743 2763 :
758 2709 923 2761 immo
938 2708 991 2761 in
1004 2708 1184 2761 multis
1194 2717 1299 2761 ter-

266 2795 344 2847 ris
371 2790 640 2844 ditissime
673 2789 788 2842 auri
813 2788 1123 2857 argentique
1147 2804 1295 2840 venae

269 2868 667 2943 propemodum
681 2869 734 2922 in
750 2868 1023 2937 superficie
1039 2878 1192 2921 terrae
1204 2886 1297 2920 ex—

270 2951 455 3022 ppsitae
494 2958 692 3020 patent.
740 2946 880 3001 Vide
925 2946 1153 3017 Goguet.
1186 2966 1301 2999 vom

277 3031 573 3097 Ursprunge
592 3031 684 3080 der
707 3030 924 3081 Gesetze
938 3067 951 3087 ,
983 3036 1079 3079 etc.
1102 3026 1156 3093 1,
1182 3027 1302 3091 2-4.

270 3135 341 3149 -
368 3104 646 3160 Ceterum
679 3106 745 3159 de
770 3104 1078 3158 inventione
1104 3102 1304 3157 metal-

270 3184 451 3237 lorum
476 3182 620 3237 locus
645 3181 854 3251 elegans
876 3193 956 3236 est
978 3179 1116 3251 apud
1142 3180 1298 3235 Lucr.

270 3261 366 3316 lib.
392 3262 441 3312 V
459 3300 475 3328 ,
509 3262 831 3332 1240-1295.

348 3342 461 3406 ¹4¹·
488 3342 776 3392 Noc-entim.
801 3337 1016 3391 Sacram
1039 3337 1185 3390 enim
1207 3337 1298 3391 sa-

272 3437 424 3471 mem
438 3416 608 3487 injicit
621 3414 1009 3470 mortalibus.-
1016 3418 1167 3482 Quod
1164 3434 1300 3483 puy-

269 3502 373 3549 aa!
392 3502 594 3563 uimque
610 3535 625 3557 ‚
666 3491 901 3546 nummis
933 3492 1103 3547 aureis
1124 3503 1177 3546 et
1200 3494 1299 3546 ser·

269 3572 381 3626 reis
398 3572 577 3627 armis.
595 3570 769 3624 Aliter
788 3581 967 3623 tamen
988 3570 1150 3624 sensit
1168 3570 1299 3642 Pyr·

265 3653 403 3707 rhus
430 3672 443 3706 :
468 3651 588 3705 vide
616 3650 728 3705 Cic.
761 3649 920 3706 Offic.
948 3650 974 3704 I
991 3689 1007 3716 ,
1054 3670 1128 3704 ιιι.
1161 3649 1303 3720 Quis

267 3751 389 3787 non
416 3730 616 3785 audivit
641 3730 867 3802 Philippi
890 3729 1200 3785 Macedonis
1218 3749 1300 3783 ar-

264 3830 369 3866 ma
381 3809 610 3863 victricia
627 3849 644 3877 ,
671 3811 886 3886 s'tpyupae'oee
907 3813 1079 3878 λέγχας
1095 3848 1110 3875 ‚
1135 3818 1190 3862 et
1208 3808 1301 3862 asi-

266 3907 421 3947 num
437 3907 567 3941 auro
585 3901 834 3943 onustum
855 3903 868 3938 t
891 3886 1151 3942 Graeciam
1170 3908 1300 3942 auro

264 3969 427 4039 ejus,
457 3983 568 4018 non
584 3967 756 4033 serro,
778 3964 1087 4019 subactam?
1114 3967 1211 4017 Ed.
1233 3990 1304 4004 —

262 4047 479 4100 Bellum
492 4050 694 4113 pugnat
714 4042 916 4113 poetice
941 4060 1067 4112 pr0,
1091 4039 1299 4110 bellige-

263 4135 459 4179 rantes
474 4132 729 4194 pugnant.
744 4121 1000 4177 sotebant
1012 4121 1300 4174 autemVe·

260 4215 413 4258 teres
422 4203 665 4272 pralium
673 4200 809 4255 initu
813 4201 857 4254 ri
865 4206 1128 4254 conculam
1138 4217 1297 4262 arma,

261 4283 471 4341 honest
485 4282 648 4337 hastis
666 4292 757 4337 aut
775 4280 892 4352 pilis
908 4290 1052 4339 scuta
1071 4278 1298 4349 pulsate,

506 4382 667 4454 III.

1396 1775 1457 1819 ut
1482 1765 1570 1820 tali
1597 1768 1820 1837 strepitu
1861 1779 2191 1824 terrerentur
2225 1771 2418 1831 hostes.

1400 1845 1545 1899 Hinc
1567 1847 1877 1916 frequenter
1903 1856 2120 1918 crepitus
2144 1870 2416 1907 armorum

1395 1922 1453 1975 in
1480 1921 1915 1994 descriptionibus
1938 1945 2249 1995 pugnarum.
2275 1929 2417 1983 Vide

1398 1998 1725 2069 Sphanhem.
1756 2002 1819 2054 ad
1845 2000 2050 2055 Gallim.
2068 2003 2121 2057 h.
2141 2005 2262 2059 Del.
2283 2022 2418 2060 versa

1403 2081 1497 2134 136
1510 2119 1526 2148 ‚
1553 2093 1608 2135 et
1630 2082 1927 2137 Arnaldum
1942 2085 1997 2138 in
2014 2085 2244 2155 Specim·
2267 2087 2416 2140 Ani-

1395 2160 1566 2213 madv.
1591 2181 1643 2231 p.
1671 2165 1748 2231 74.

1469 2240 1576 2305 144.
1634 2241 1832 2293 Vt'n'lur
1866 2259 1934 2293 ez·
1978 2249 2137 2308 mpla.
2182 2241 2415 2298 Gravem

1393 2313 1533 2369 banc
1560 2316 1850 2370 vitiositatis
1882 2316 2128 2374 bumanae
2162 2319 2417 2390 deplora-

1394 2392 1597 2445 tionem
1611 2394 1814 2448 Seneca
1831 2395 2035 2464 laudat,
2055 2396 2121 2450 de
2141 2398 2225 2451 Ira
2244 2399 2298 2453 11
2320 2441 2334 2466 ,
2351 2402 2414 2467 83

1396 2467 1462 2522 de
1486 2470 1671 2524 Benes.
1697 2474 1775 2539 V,
1809 2478 1868 2527 15
1887 2496 1899 2537 ;
1920 2474 1986 2528 N.
2012 2474 2283 2549 Q-p.9tt.
2309 2478 2414 2531 Lo·

1393 2566 1485 2602 cus
1499 2546 1838 2605 adumbratus
1852 2571 1913 2605 ex
1931 2554 2147 2607 Hesiod.
2167 2576 2298 2609 vers.
2321 2577 2339 2609 ι
2350 2559 2412 2612 82

1393 2646 1528 2697 sqq.:
1546 2632 1670 2684 Oi'ad'c'
1682 2640 1830 2706 πατὴρ
1843 2639 2086 2686 παίδεσσιν
2102 2637 2288 2701 ὁμοίως,
2309 2643 2411 2692 odd?

1393 2730 1440 2760 re
1474 2713 1669 2773 raim,
1703 2713 1826 2762 Οὐδὲ
1847 2720 1989 2777 ξεῖνος
2020 2718 2260 2784 genadius.»
2280 2753 2294 2780 ,
2332 2726 2415 2772 καὶ

1395 2785 1565 2859 ἑταῖρος
1596 2792 1793 2861 ἑταίρῳ,
1826 2790 1948 2840 owe·
1987 2796 2252 2856 κασίγνητ-ος
2290 2801 2415 2862 φίλος

1392 2866 1596 2917 isserat.
1637 2862 1889 2918 Nostrum
1930 2869 2178 2936 expressit
2224 2870 2414 2925 Senec.

1396 2939 1557 3009 Hipp.
1590 2958 1723 2994 vers.
1758 2942 1855 2994 553
1893 2961 2003 3012 sqq.
2035 2944 2126 2999 sed
2151 2965 2263 3000 non
2293 2950 2415 3004 satis

1395 3019 1697 3073 feliciter.-·-
1709 3024 1962 3089 Eaeraplo.
1977 3025 2119 3080 Alibi
2128 3044 2196 3079 ex
2209 3030 2416 3084 omitti-

1400 3109 1490 3153 tur
1514 3101 1569 3152 in
1599 3099 1698 3155 hac
1717 3101 1959 3156 formula.

1464 3179 1574 3245 145.
1619 3181 1820 3232 Gratia.
1862 3178 2184 3236 concordias
2205 3211 2273 3226 -
2293 3188 2410 3239 Im·-

1393 3259 1551 3309 m‘ne!
1568 3275 1723 3327 grave
1747 3259 1889 3313 verb.
1912 3261 2097 3330 cupide
2123 3263 2295 3317 instat.

1466 3335 1574 3402 147.
1602 3337 1796 3389 Laride
1810 3343 2031 3391 acoaeHa.
2058 3339 2188 3392 Atra
2207 3378 2221 3405 ,
2250 3342 2415 3396 tristia

1394 3424 1619 3464 venena.
1653 3412 1738 3466 De
1772 3418 1973 3467 aconito
1990 3455 2004 3475 ‚
2042 3415 2204 3468 herba
2235 3435 2410 3471 vene-

1395 3497 1520 3540 nata
1541 3527 1557 3555 ‚
1593 3489 1697 3543 vid.
1722 3489 1861 3543 infra
1884 3491 1991 3544 vll
2009 3530 2025 3558 ‚
2052 3494 2166 3558 415.
2191 3495 2413 3548 Lun’dus

1395 3567 1606 3636 proprie
1633 3567 1698 3621 de
1718 3568 1913 3637 pallore
1938 3570 2254 3624 cadaverum
2277 3572 2411 3627 dici-

1395 3654 1484 3698 tur
1503 3664 1515 3697 :
1534 3644 1638 3700 vid.
1659 3645 1922 3700 Brouckh.
1939 3647 2004 3700 ad
2030 3649 2269 3719 Propert.
2297 3652 2409 3720 lv,

1397 3736 1501 3788 vn,
1517 3743 1563 3775 α.
1578 3723 1723 3778 Hinc
1740 3724 1900 3779 etiam
1910 3745 2116 3779 venena
2127 3728 2329 3782 letifera
2338 3730 2414 3783 di·

1396 3812 1591 3855 cuntur
1600 3805 1769 3855 lurida
1783 3804 1849 3856 ab
1860 3804 2065 3858 essectu.
2076 3807 2220 3859 Ante
2235 3809 2412 3863 oculos

1396 3891 1575 3935 autem
1590 3880 1784 3935 Noster
1797 3881 2321 3956 habuitVirg.Georg.
2335 3888 2411 3956 11,

1403 3960 1496 4013 128
1514 3966 1628 4031 sqq.
1662 3960 1752 4013 ubi
1773 3980 1920 4013 scae
1949 3981 2168 4016 noverca
2202 3971 2420 4020 meis-cent

1395 4042 1576 4094 herbas
1596 4048 1652 4093 el
1669 4059 1770 4093 non
1792 4046 2005 4094 innoxia
2026 4047 2191 4097 verba.
2224 4044 2412 4102 Claud.

1398 4120 1503 4173 XV
1519 4158 1534 4186 ,
1581 4118 1671 4189 173
1703 4137 1717 4171 ε
1756 4122 1941 4173 Adhuc
1973 4124 2147 4188 ignom
2190 4130 2418 4179 novercis

1401 4199 1665 4250 Gramina.
1681 4195 1833 4249 Adeo
1843 4197 1978 4250 male
1992 4197 2120 4251 olim
2134 4202 2419 4255 audiebant

1395 4291 1637 4335 noverea
1654 4274 1667 4329 l
1690 4301 1758 4321 -··
1769 4275 1859 4330 Ad
1874 4277 2136 4348 exemplar
2152 4279 2349 4350 Nostri,
2360 4290 2418 4337 et

2100 4381 2142 4447 5
