3217 5134
835 524 965 607 450

1392 522 1471 588 Ρ.
1533 523 1889 593 OVIDII
1932 521 2384 593 NASONIS

837 654 1123 740 Oravere
1154 692 1316 738 suos
1345 664 1441 741 ire
1470 661 1555 737 ad
1591 662 1829 741 solatia
1855 692 2048 761 reges
2067 721 2087 752 ,

833 784 1220 882 Argosque,
1258 796 1324 854 et
1358 779 1635 881 Sparte,
1672 778 2235 883 Pelopeiadesque
2266 780 2564 881 Mycenae
2590 837 2609 868 ,

833 901 924 972 Et
956 897 1259 972 nondum
1280 913 1492 975 ‚torvae
1525 896 1825 999 Calydon
1855 897 2071 973 invisa
2102 896 2371 986 Dianae,

2871 922 2964 989 415

836 1014 1434 1115 Orchomenosque
1468 1013 1685 1102 ferax,
1722 1032 1791 1089 et
1821 1012 2072 1089 nobilis
2104 1043 2232 1090 aare
2263 1014 2632 1089 Corinthos
2652 1071 2674 1102 ,

832 1134 1289 1233 Messeneque
1305 1130 1490 1205 ferox
1513 1187 1533 1219 ,
1574 1130 1920 1232 Patraeque
1941 1187 1961 1219 ,
1997 1128 2417 1231 humilesque
2453 1129 2764 1217 Cleonae,

826 1339 1062 1376 sororem
1098 1319 1415 1387 advexisset,
1451 1313 1690 1391 primum
1725 1339 1845 1376 eam

823 1400 998 1466 vitiat,
1023 1418 1176 1465 mox,
1201 1418 1272 1457 ne
1291 1398 1719 1469 turpeflagitium
1741 1399 1846 1453 elo-

826 1478 917 1548 qui
930 1488 1119 1546 posset,
1138 1478 1433 1549 linguamei
1445 1489 1661 1532 exsecat
1678 1479 1845 1532 Proc-

823 1576 924 1623 ne,
949 1555 1260 1625 recognita,
1279 1555 1423 1609 addit
1436 1555 1620 1609 sceleri
1641 1544 1841 1621 scelus,

825 1636 951 1707 Ityn
985 1635 1131 1688 enim
1164 1634 1336 1687 filium
1364 1634 1706 1689 interfectum
1737 1655 1842 1705 ap-

825 1714 976 1784 ponit
998 1714 1189 1767 Tereo.
1223 1714 1275 1767 Is
1297 1730 1465 1783 quum
1482 1714 1768 1785 conjugem
1789 1724 1843 1769 et

822 1811 1063 1846 sororem
1086 1801 1515 1861 persequeretur,
1542 1791 1630 1845 illa
1654 1801 1843 1845 muta-

825 1882 913 1924 tur
934 1870 990 1923 in
1013 1869 1398 1936 hirundinem,
1447 1870 1559 1924 haec
1590 1870 1646 1922 in
1673 1869 1842 1925 lusci—

822 1950 1006 2015 niam,
1045 1949 1153 2019 ipse
1194 1948 1249 2001 in
1290 1967 1540 2017 upupam.
1586 1948 1838 2001 Fabulam

823 2034 1178 2081 tractaverant
1204 2025 1436 2098 AEscbyl.
1461 2036 1516 2079 et
1542 2025 1843 2095 Sophocles.

818 2104 1053 2174 Respicit
1074 2123 1193 2158 eam
1221 2104 1381 2157 etiam
1405 2102 1701 2170 Hesiodus,
1731 2096 1847 2175 Ῑὲργ

822 2184 937 2237 568.
964 2182 1169 2238 Confer
1191 2182 1417 2237 Pausan.
1455 2181 1613 2237 Attio.
1641 2182 1838 2249 p.13,

829 2281 955 2316 ιοο·
943 2303 957 2329 ,
1000 2261 1160 2317 Phoc.
1188 2281 1239 2332 p.
1271 2264 1402 2328 807·
1390 2300 1403 2325 ,
1437 2259 1682 2330 Apollod.
1712 2260 1799 2316 111
1823 2299 1841 2327 ,

821 2357 951 2409 nV,
982 2341 1049 2403 8;
1090 2337 1329 2394 Eustath.
1367 2338 1435 2392 ad
1473 2336 1580 2394 Od.
1617 2359 1669 2408 p.
1706 2358 1840 2410 7103

820 2417 996 2471 Tsetz.
1024 2415 1165 2471 Chii.
1188 2416 1298 2470 v11
1317 2457 1333 2483 ,
1366 2416 1488 2485 ¹4²³
1512 2415 1714 2486 Hygin.
1738 2416 1839 2473 sab.

818 2498 898 2561 45.
935 2494 1221 2549 Diversum
1244 2492 1492 2565 mythum
1517 2494 1573 2546 in
1597 2494 1746 2555 suavi
1766 2494 1843 2548 si-

818 2569 1119 2624 militudine
1140 2580 1402 2623 memorat
1422 2570 1714 2637 Homerus,
1729 2570 1840 2626 Od.

820 2650 890 2717 T,
918 2652 1046 2717 518,
1073 2648 1162 2704 ubi
1189 2646 1452 2702 Pandarei
1474 2647 1581 2701 fitia
1601 2648 1660 2701 in¹
1681 2649 1841 2703 lusci-

816 2728 962 2782 niam
999 2738 1203 2782 mutata
1235 2727 1378 2796 luget
1407 2727 1606 2799 Itylum
1630 2727 1838 2796 filium,

816 2827 978 2879 quem
999 2805 1309 2878 imprudens
1336 2825 1437 2861 ere
1464 2806 1743 2861 interfecit.
1772 2807 1836 2860 In

816 2887 915 2942 alia
927 2886 1157 2943 discessit
1169 2886 1331 2940 etiam
1349 2886 1524 2939 Boeos
1547 2883 1688 2955 apud
1715 2886 1837 2939 An-

818 2977 928 3020 ton.
949 2965 1061 3019 Lib.
1081 2984 1192 3034 cap.
1222 2984 1241 3017 1
1256 2984 1297 3017 1.
1315 2964 1395 3017 Ex
1412 2973 1599 3017 mente
1611 2964 1837 3017 Pausan.

812 3045 1018 3098 Tereus
1040 3043 1148 3112 ipse
1169 3052 1403 3094 mortem
1425 3040 1523 3094 sibi
1548 3041 1833 3108 conscivit,

813 3122 941 3175 etin
963 3120 1170 3173 tumulo
1199 3120 1312 3188 eius
1338 3119 1511 3188 prima
1528 3138 1707 3190 upupa
1728 3120 1838 3173 visa

812 3209 906 3254 est.
936 3197 1192 3251 Mulieres
1213 3206 1394 3251 autem
1411 3237 1428 3265 ,
1453 3216 1573 3266 quo
1596 3197 1838 3257 Athenas

813 3279 1066 3346 sugerunt
1078 3314 1095 3342 ,
1114 3275 1290 3344 ibique
1310 3293 1418 3345 proe
1433 3274 1614 3329 dolore
1638 3288 1836 3331 conta-

812 3357 1080 3420 buerunt,
1114 3353 1173 3407 in
1196 3352 1540 3409 hirundinem
1576 3364 1631 3408 et
1666 3355 1836 3411 lusci-

812 3436 959 3489 niam
982 3443 1198 3487 mutata
1216 3431 1511 3486 creduntur
1530 3471 1546 3499 ,
1583 3432 1726 3502 quod
1751 3434 1835 3488 lm

810 3529 929 3565 aves
950 3520 1139 3565 cantus
1160 3508 1480 3565 miserabiles
1496 3521 1551 3563 et
1569 3511 1834 3567 luctuosos

812 3587 995 3733 “12:2-
1020 3666 1116 3720 Ad
1140 3668 1358 3728 solatia,
1396 3664 1591 3723 scilicet
1619 3664 1793 3720 danda
1811 3705 1827 3733 ,

809 3744 950 3797 irent
985 3743 1328 3798 consolatum.
1376 3742 1549 3801 Simili
1606 3744 1830 3799 transitu

808 3822 918 3887 iam
942 3839 1066 3875 usus
1092 3830 1171 3875 est
1189 3860 1205 3886 ,
1246 3821 1305 3888 I,
1335 3824 1447 3891 577.
1471 3821 1627 3875 Tales
1651 3833 1832 3876 autem

805 3902 1021 3957 urbium
1039 3900 1257 3971 catalogi
1281 3900 1472 3970 passim
1503 3900 1827 3958 inseruntur.

867 3983 982 4048 414.
1017 3981 1275 4051 ’ἥκω
1300 3990 1590 4034 tenuerunt
1621 3984 1827 4050 Pelopis

802 4058 1016 4126 posteri,
1037 4058 1385 4131 Eurystheus,
1401 4058 1828 4131 Atreus,'1'hyes-

801 4146 878 4190 tes
895 4174 911 4201 ,
936 4136 1326 4207 Agamemnon.
1349 4139 1548 4208 Argos,
1575 4140 1752 4207 Spar-k
1770 4147 1828 4192 et

798 4214 1026 4283 Hycenae
1040 4216 1202 4270 etiam
1218 4217 1283 4271 ab
1302 4218 1547 4273 Homero
1560 4228 1616 4270 et
1637 4217 1700 4271 ab
1714 4217 1824 4271 aliis

796 4291 868 4347 sic
908 4310 1018 4347 uno
1049 4313 1205 4349 versu
1244 4296 1774 4366 comprehenduntur
1801 4337 1817 4363 ,

1946 1318 2198 1388 quoniam
2231 1316 2313 1373 ha:
2338 1331 2444 1373 tres
2472 1320 2628 1375 urbes
2665 1320 2875 1375 Junoni
2911 1325 2956 1377 in

1942 1398 2126 1468 primis
2142 1398 2620 1468 carm—Calydon,
2653 1398 2958 1470 AEtoliaeop·

1942 1478 2128 1549 pidum
2145 1517 2161 1545 ,
2196 1478 2252 1533 in
2278 1496 2385 1546 quo
2406 1480 2588 1532 Diam
2612 1478 2844 1548 Laphria
2859 1500 2956 1551 po-

1931 1548 2202 1611 tissimum
2236 1555 2519 1616 colebatur.
2563 1555 2697 1626 Ejus
2733 1556 2864 1612 Deae
2884 1558 2953 1611 si-

1942 1654 2110 1705 gnum
2127 1635 2471 1689 memorabile
2497 1635 2769 1705 Augustum
2784 1637 2953 1691 subla—

1942 1725 2057 1768 tum
2098 1714 2439 1769 Patrensibus
2469 1713 2706 1769 donavit.
2739 1717 2952 1771 Pam.

1941 1792 2170 1845 Messen.
2174 1794 2235 1861 'p.
2251 1793 2376 1863 357;
2400 1791 2610 1847 Achaic.
2626 1813 2680 1862 p.
2698 1794 2808 1866 569.
2822 1795 2950 1848 Tum

1939 1870 2184 1923 nondum
2199 1873 2369 1923 ι’ποιὶςα
2387 1877 2552 1929 tone,
2578 1870 2742 1935 irate,
2762 1872 2950 1923 Dim.

1941 1947 2079 2001 Vide
2107 1947 2171 2000 ad
2201 1946 2373 2012 VIII,
2415 1967 2509 2018 272
2533 1966 2650 2017 sqq.
2675 1946 2943 2015 Similiter,

1940 2026 2188 2099 II,219,
2217 1985 2438 2079 conditu
2467 2026 2722 2093 OEagn‘us

2007 2103 2122 2171 416.
2162 2103 2516 2157 Orchomenos.
2553 2100 2694 2156 Due
2723 2102 2901 2157 fuere
2884 2123 2944 2157 ιιι

1938 2177 2140 2234 Gracia
2163 2178 2323 2248 huius
2337 2179 2572 2235 nominis
2588 2180 2748 2234 urbes
2763 2218 2779 2246 ,
2796 2180 2945 2234 altera

1934 2255 1994 2310 in
2023 2255 2243 2311 Arcadia
2258 2295 2276 2321 ,
2311 2256 2476 2311 altera
2501 2257 2559 2309 in
2585 2256 2791 2312 Boeotia
2807 2297 2825 2322 ,
2848 2256 2944 2312 Or-

1932 2331 2220 2387 chomenos
2246 2332 2488 2405 Minyeia
2513 2331 2672 2387 dicta.
2697 2334 2942 2405 Equidem

1933 2428 2062 2465 cum
2091 2409 2310 2483 Micyllo
2344 2420 2398 2464 et
2429 2409 2754 2465 Burmanno
2789 2421 2907 2481 puto
2925 2450 2940 2476 ,

1940 2490 2200 2546 Ovidium
2220 2490 2532 2547 Arcadicam
2555 2493 2612 2546 in
2639 2504 2820 2547 mente
2849 2492 2945 2546 ha-

1932 2569 2102 2625 buisse
2118 2608 2133 2637 ,
2158 2570 2307 2640 cujus
2331 2570 2459 2624 situs
2477 2581 2532 2625 et
2552 2570 2948 2624 memorabiliaa

1934 2646 2192 2700 Pausania
2215 2686 2230 2711 ,
2267 2647 2458 2700 Arcad.
2493 2668 2547 2717 p.
2577 2648 2714 2714 526,
2753 2647 2948 2703 deseri-

1931 2724 2145 2783 buntur.
2166 2726 2248 2780 Ab
2266 2727 2532 2794 Homero,
2546 2727 2603 2783 Il.
2619 2726 2689 2793 B,
2706 2727 2843 2796 600,
2864 2746 2954 2780 vo-

1930 2816 2081 2863 catur
2101 2831 2156 2859 κο
2135 2814 2181 2860 ολ
2186 2810 2329 2874 niem>
2310 2828 2381 2871 23⁶
2400 2826 2431 2860 a
2455 2805 2701 2874 Pindaro,
2723 2805 2950 2880 Olymp.

1933 2882 2040 2938 Od.
2064 2883 2223 2949 XIV,
2249 2886 2315 2951 4,
2340 2889 2513 2962 lapda-ez
2527 2883 2630 2950 ’ὠ
2659 2883 2952 2954 Apollonio

1934 2960 2181 3029 Rhodio,
2207 2961 2331 3031 111,
2357 2911 2513 3030 5128?
2527 2924 2717 3031 :iq-uk,
2748 2974 2806 3016 et
2831 2960 2952 3016 hinc

1929 3058 1961 3092 a
1986 3040 2183 3094 Nostro
2203 3038 2412 3107 ,fem-t.
2445 3065 2515 3081 -·
2533 3042 2740 3093 Nabim
2769 3060 2876 3093 ere.
2897 3041 2950 3093 Si

1928 3139 2000 3171 es
2017 3121 2326 3173 (hreislbe'uoe
2339 3139 2462 3177 casu
2475 3130 2660 3179 ortmn
2674 3131 2776 3189 est,
2796 3141 2950 3190 quum

1931 3196 2056 3251 urbs
2080 3216 2110 3250 a
2134 3197 2404 3251 Mummio
2425 3209 2762 3253 cremaretur
2786 3200 2949 3266 (Flos.

1933 3275 1992 3330 11
2009 3315 2024 3344 ,
2053 3275 2150 3340 16)
2171 3315 2187 3343 ,
2216 3276 2486 3344 quomodo
2500 3276 2613 3344 iam
2640 3287 2760 3332 tum
2775 3282 2951 3331 nobilis

1927 3371 2022 3405 ete
2047 3372 2156 3406 esse
2196 3352 2414 3422 potuit?
2455 3353 2648 3423 Neque
2685 3375 2718 3409 e
2753 3356 2947 3409 veriore

1927 3430 2132 3484 ratione
2155 3450 2344 3485 eorum
2369 3470 2385 3498 ,
2428 3432 2517 3501 qui
2552 3432 2647 3486 diu
2683 3445 2809 3488 ante
2836 3432 2949 3487 Co-

1925 3506 2090 3563 rinthi
2111 3508 2372 3565 excidium
2394 3519 2506 3563 arte
2526 3521 2806 3580 repertum
2827 3506 2950 3565 illud

1927 3604 1994 3639 a
2016 3587 2329 3654 censebant,
2353 3586 2584 3654 Plinius,
2605 3588 2874 3656 XXXIV,
2895 3610 2949 3653 ι,

1925 3663 2015 3717 illo
2056 3674 2295 3735 tempore
2335 3664 2409 3719 sic
2442 3664 2542 3719 diri
2573 3677 2823 3735 poteram
2863 3665 2950 3723 sed

1926 3747 2120 3805 Noster
2141 3766 2239 3805 suo
2271 3767 2422 3802 more
2451 3767 2573 3803 eam
2605 3748 2902 3820 designavit
2924 3768 2952 3801 a

1924 3847 2015 3894 re,
2042 3847 2144 3897 qua
2168 3838 2345 3897 postea
2375 3827 2598 3885 demum
2623 3830 2892 3885 inclaruit.

1988 3908 2047 3971 4¹
2059 3923 2102 3973 7.
2134 3907 2298 3958 Fiet-os
2319 3904 2389 3959 ol)
2412 3917 2654 3976 suscepta
2677 3908 2838 3963 toties
2858 3926 2950 3977 pro

1922 3983 2166 4037 libertate
2194 3984 2365 4049 bellu
2401 3997 2459 4039 et
2489 4005 2558 4041 ne
2583 3987 2708 4041 victi
2735 3986 2948 4057 quidem

1922 4062 2174 4118 Messenii
2202 4063 2478 4134 aliquoties
2502 4065 2709 4121 domari
2749 4078 2948 4137 potue-

1920 4154 2064 4198 runt.
2077 4153 2154 4186 ⁴-
2182 4146 2379 4199 Cleonae
2401 4146 2516 4200 sito
2552 4147 2698 4201 inter
2738 4145 2952 4202 Corin-

1919 4219 2075 4274 thum
2110 4230 2164 4274 et
2205 4220 2391 4291 Argos.
2435 4224 2670 4277 Humiles
2687 4263 2704 4285 ‚
2759 4242 2951 4294 parve.

1922 4298 2202 4353 Pausanias
2216 4339 2232 4367 ,
2263 4297 2508 4357 Corinth-
2525 4320 2576 4371 p.
2595 4305 2687 4371 ¹4²
2704 4340 2723 4370 ,
2747 4308 2878 4366 εἱλισ
2903 4307 2951 4361 οἱ
