3217 5134
541 545 678 613 DE
753 542 1093 613 OPERE
1151 541 2207 616 METAMORPHOSEON.
2379 550 2453 617 13

306 686 659 777 catoriam,
683 686 1006 783 magicam
1026 690 1057 781 )
1077 742 1096 776 ,
1135 685 1358 775 lusus,
1381 689 1590 778 rixas,
1620 685 1941 776 Indenea,
1962 690 2260 792 nuptias,
2293 718 2460 765 con-

306 820 511 909 vivia,
536 820 894 896 certamina
908 876 930 910 ,
952 820 1111 894 item
1132 848 1279 921 quae
1303 820 1387 894 iis
1407 818 1510 896 vel
1529 820 1965 917 contingunt,
1987 820 2089 896 vel
2116 822 2454 912 accidunt,

310 970 429 1027 aut
456 982 495 1027 a
520 970 760 1029 natura
786 953 1043 1027 tributa
1062 969 1253 1042 sunt,
1282 950 1640 1042 diluvium,
1663 970 1947 1055 pestem,
1976 953 2248 1044 samem,
2274 983 2456 1029 som-

310 1113 511 1173 num,
550 1086 842 1174 somnia,
879 1100 1335 1188 paupertatem
1352 1138 1373 1173 ,
1409 1111 1617 1186 opum
1644 1083 2117 1159 abundantiam
2137 1141 2157 1174 ,
2186 1085 2462 1161 dilania-

313 1219 569 1293 tionem
598 1272 620 1307 ,
679 1213 1196 1318 discerptionem
1240 1215 1695 1295 membrorum
1721 1272 1740 1306 ,
1775 1217 2193 1313 naufragium
2214 1273 2235 1308 ,
2281 1217 2460 1293 mille

310 1350 546 1423 mortis
574 1376 835 1445 genera.
873 1349 1140 1423 Partem
1163 1347 1383 1422 adhuc
1409 1376 1632 1423 rerum
1660 1350 2110 1451 expositarum
2136 1353 2456 1427 recensui.

310 1480 666 1557 Accedunt
687 1481 866 1556 enim
885 1477 1322 1581 plurimarum
1341 1507 1592 1567 rerum,
1621 1508 1786 1580 quas
1812 1497 1880 1554 et
1895 1498 2130 1555 natura
2152 1482 2458 1584 protulit,

310 1631 379 1687 et
419 1631 775 1715 poetarum
824 1612 1093 1708 ingenia
1141 1610 1515 1700 finxerunt,
1570 1609 2085 1714 descriptiones»,
2123 1614 2298 1689 sedis
2331 1644 2460 1690 cae-

310 1743 529 1835 lestis,
557 1745 755 1841 regiae
770 1742 955 1818 Solis
977 1773 1127 1818 cum
1156 1772 1357 1819 curru
1383 1740 1587 1818 solari
1606 1760 1674 1817 et
1698 1743 1891 1845 equis
1907 1799 1927 1833 ,
1962 1743 2103 1818 caeli
2125 1743 2422 1821 stelliferi
2439 1804 2458 1837 ,

311 1875 714 1964 inferorum,
740 1876 1213 1965 animantium,
1242 1874 1657 1976 plantarum,
1684 1875 2017 1950 montium
2033 1932 2052 1964 ‚
2072 1876 2457 1967 fluviorum,

315 2008 640 2097 fontium,
676 2025 1027 2083 ventorum
1062 2023 1682 2108 tempestatumque.
1737 2008 1963 2108 Atque
1996 2008 2135 2083 haec
2166 2010 2258 2085 ita
2288 2029 2462 2085 trac-

319 2156 454 2215 tata
504 2156 707 2230 sunt,
760 2158 839 2214 ut
880 2140 1105 2214 omnia
1137 2138 1275 2212 fere
1309 2139 1472 2213 artis
1503 2138 1849 2213 rhetoricae
1886 2157 1955 2214 et
1984 2142 2258 2242 poeticae
2289 2171 2462 2244 prae-

320 2291 510 2375 cepta
534 2270 853 2375 exemplis
879 2301 959 2348 ex
990 2272 1122 2346 hoc
1145 2299 1343 2374 opere
1374 2271 1604 2373 petitis
1627 2269 1948 2347 illustrari
1968 2274 2253 2375 possint.
2279 2277 2460 2351 Con-

321 2407 488 2481 tinet
524 2406 701 2481 enim
736 2406 1151 2480 narrationes
1172 2461 1193 2495 ‚
1240 2404 1614 2496 orationes,
1651 2406 2010 2508 epistolaS,
2057 2407 2413 2512 soliloquia
2440 2467 2458 2493 ,

316 2540 699 2615 notationes
728 2566 990 2614 morum
1009 2594 1029 2628 ,
1058 2536 1541 2640 descriptiones
1574 2537 1957 2628 hominum,
1986 2539 2316 2630 locorum,
2357 2572 2462 2618 re-

312 2702 464 2748 rum
492 2729 512 2762 ,
545 2671 833 2774 hymnos
858 2726 883 2760 ,
924 2669 1114 2745 lusus
1155 2670 1451 2767 ingenii,
1508 2688 1588 2745 ut
1638 2698 1899 2744 carmen
1929 2672 2351 2773 pastoritium
2391 2693 2462 2749 et,

314 2812 897 2904 παραλαυσίθυρον,
926 2803 1474 2906 prosopopoeias,
1513 2800 1986 2877 similitudines
2003 2859 2023 2891 ,
2057 2808 2418 2882 sententias
2439 2865 2457 2893 ,

316 2941 648 3027 acumina,
687 2936 935 3034 figuras
971 2937 1186 3010 omnis
1221 2936 1503 3032 generis.
1540 2938 1643 3010 Ea
1671 2964 1827 3010 vero
1857 2936 2244 3012 tractatione
2277 2967 2458 3014 nunc.

311 3072 596 3175 jucundi
622 3090 691 3147 et
708 3071 917 3147 teneri
944 3097 1180 3145 sensus
1206 3069 1278 3142 in
1306 3069 1526 3143 animo
1551 3065 1835 3164 legentis
1857 3068 2247 3160 excitantur,
2278 3100 2490 3145 nnnc·

318 3205 847 3281 vehementiores
882 3202 1178 3278 adfectus
1215 3218 1738 3276 commoventur.

419 3339 701 3427 Restat,
754 3354 832 3411 ut
856 3337 991 3437 jam
1035 3334 1405 3425 videamus,
1448 3346 1584 3435 quo
1646 3363 1954 3410 successu
2007 3333 2123 3409 illa
2176 3335 2463 3411 Ovidius

322 3470 755 3547 exornaverit.
797 3467 1347 3543 Consormaverat
1378 3466 1720 3563 ingenium
1755 3466 1838 3540 ad
1881 3468 2464 3568 praestantissimo-

317 3636 507 3697 rum,
544 3632 718 3709 quos
758 3603 1010 3679 Graecia
1036 3617 1103 3675 et
1135 3602 1355 3676 Roma
1386 3599 1712 3688 tulerant,
1748 3617 2098 3702 poetarum
2123 3600 2420 3704 exempla
2447 3634 2463 3689 ;

316 3772 535 3845 neque
567 3723 1012 3818 adeo-mirum
1044 3754 1182 3826 est,
1216 3735 1467 3839 passim
1498 3762 1652 3810 eum
1677 3734 1944 3810 eosdem
1976 3737 2140 3812 etin
2171 3736 2462 3840 disposi-

318 3879 501 3954 tione
526 3905 751 3953 rerum
778 3872 1272 3950 tractandarum
1297 3871 1465 3947 etin
1495 3871 1903 3946 ornamentis
1921 3871 2151 3947 multis
2172 3869 2464 3946 haitanda

315 4009 740 4114 expressisse.
768 4004 965 4081 Pleni
987 4020 1149 4078 sunt
1166 4020 1517 4105 poetarum
1541 4003 1882 4105 principes
1897 4059 1917 4093 ,
1953 4005 2286 4079 Homerus
2309 4003 2465 4078 Vir-

319 4146 663 4248 giliusque
685 4201 705 4235 ,
755 4143 853 4218 sic
904 4141 1083 4215 enim
1150 4137 1401 4213 Iliados
1451 4154 1521 4213 et
1569 4137 1895 4212 AEneidos
1946 4138 2119 4211 ratio
2167 4138 2423 4214 ferebat
2441 4195 2459 4225 ,

314 4277 566 4381 praeliis
603 4271 1072 4379 caedibusque,
1100 4270 1173 4346 in
1205 4269 1455 4372 quibus
1476 4269 1892 4360 enarrandis,
1926 4297 2012 4347 ne
2037 4271 2304 4347 taedium
2331 4269 2466 4345 lec-
