3217 5134
726 515 861 602 444

1272 517 1351 583 P.
1419 517 1794 585 OVIDII
1853 515 2312 587 NASONIS

729 691 767 723 »
802 654 1084 730 Finibus
1116 653 1188 731 in
1218 656 1472 757 Lyciae,
1509 655 1714 752 longo
1748 657 1890 729 Dea
1919 655 2092 731 fessa
2125 656 2354 731 labore

2765 678 2864 746 340

732 806 769 837 »
807 771 1079 845 Sidereo
1112 771 1350 846 siccata
1384 773 1565 845 sitim
1599 770 1873 867 collegit
1901 772 1987 846 ab
2022 791 2228 861 aestu3

732 920 768 952 »
808 888 1163 988 Uberaque
1203 887 1549 963 ebiberant
1580 888 1755 962 avidi
1786 887 2097 962 lactantia
2126 888 2287 962 nati.

732 1036 767 1068 n
807 1005 1009 1077 Forte
1044 1001 1259 1077 lacum
1294 1003 1585 1078 melioris
1610 1032 1796 1105 aquae
1829 1003 2180 1105 prospexit
2208 1003 2279 1075 in
2311 1000 2461 1075 imis

732 1153 767 1183 »
808 1119 1115 1193 vallibus
1142 1149 1158 1191 ε
1194 1137 1483 1214 agrestes
1517 1119 1656 1193 illic
1689 1120 2009 1194 fruticosa
2041 1118 2353 1214 legebant

735 1269 770 1300 ι)
810 1236 1075 1308 Vimina
1109 1262 1259 1309 cum
1291 1236 1547 1334 junciS,
1586 1254 1971 1338 gratamque
2004 1234 2367 1337 paludibus
2401 1232 2643 1309 ulvam.
2765 1256 2860 1325 345

738 1385 772 1415 »
808 1352 1108 1426 Accessit
1128 1407 1146 1438 ,
1182 1353 1540 1454 positoque
1575 1381 1752 1448 genu
1786 1353 2054 1426 Titania
2087 1370 2328 1425 terram

734 1500 769 1531 »
809 1468 1062 1541 Pressit
1082 1523 1103 1554 ‚
1135 1484 1215 1539 ut
1246 1466 1541 1541 hauriret
1571 1467 1829 1563 gelidos
1863 1487 2107 1570 potura
2140 1468 2452 1570 liquores.
2483 1500 2522 1533 n

669 1666 675 1674 ¹
736 1617 773 1650 »
812 1582 1089 1679 Rustica
1118 1583 1315 1655 turba
1348 1601 1589 1657 vetant.
1629 1586 1771 1658 Dea
1805 1585 1901 1658 sic
1941 1585 2159 1660 adfata
2187 1601 2528 1659 vetantes:

742 1731 778 1763 «
817 1698 1001 1797 Quid
1037 1698 1415 1800 prohibetis
1445 1700 1684 1802 aquis?
1712 1728 1876 1775 usus
1908 1700 2281 1776 communis
2314 1727 2679 1801 aquarum:

742 1849 776 1880 ι)
817 1818 955 1890 Nec
986 1815 1193 1889 solem
1229 1816 1578 1918 proprium
1609 1818 1902 1905 Natura,
1937 1847 2060 1891 nec
2091 1845 2241 1892 aera
2275 1818 2490 1906 fecit,-

2768 1837 2860 1890 351·

743 1966 776 1996 »
815 1933 955 2005 Nec
992 1950 1220 2007 tenues
1255 1933 1468 2007 undas
1501 1964 1516 2007 :
1552 1932 1639 2007 ad
1672 1932 1950 2035 publica
1983 1962 2256 2008 munera
2278 1934 2465 2020 veni;

711 2082 779 2113 ·»
823 2050 993 2147 Quae
1024 2067 1241 2125 tamen
1260 2106 1280 2139 ,
1318 2068 1396 2124 ut
1428 2050 1600 2142 detis
1620 2106 1640 2139 ,
1676 2047 1960 2151 supplex
1989 2069 2148 2151 peto
2179 2080 2196 2122 ε
2226 2078 2368 2124 non
2396 2077 2522 2144 ego
2553 2064 2815 2121 nostros

741 2280 806 2297 ·-·
826 2256 1002 2309 Sacas
1017 2297 1032 2319 ‚
1070 2259 1244 2310 art'dus
1280 2266 1335 2310 et
1368 2260 1570 2323 αὐαλέος,
1595 2256 1660 2310 de
1685 2257 1758 2311 si-
1851 2258 1935 2324 νὴ
1954 2255 2190 2326 opinioni
2217 2254 2471 2325 tantisper
2487 2253 2864 2308 adhereamus:

741 2334 847 2387 tien
855 2344 920 2386 te.
933 2359 1000 2373 ·-
1017 2335 1259 2402 Colligere
1275 2341 1414 2388 silim
1427 2375 1443 2398 ‚
1463 2345 1524 2388 ut
1550 2336 1618 2402 V,
1645 2336 1756 2402 446.

740 2434 807 2451 -·
828 2408 1011 2462 Codex
1040 2411 1235 2478 Regius
1252 2412 1297 2463 B
1323 2410 1481 2465 babet
1495 2416 1758 2480 concepi&

744 2506 890 2556 aeque
914 2489 1074 2558 recipi
1100 2501 1286 2558 potest.
1312 2493 1411 2542 Ed.

808 2567 922 2632 343.
949 2569 1097 2619 Forte
1118 2572 1286 2621 lacum
1310 2579 1408 2621 etc.
1446 2567 1599 2637 Apud
1631 2570 1760 2622 An·-

748 2646 992 2701 toninurn
1022 2648 1167 2701 venit
1201 2647 1267 2701 ad
1302 2647 1546 2702 Melitem
1571 2648 1597 2719 (
1621 2648 1762 2718 apud

748 2723 985 2777 Probum
1004 2763 1019 2792 ,
1046 2724 1111 2778 ad
1131 2726 1333 2779 Melam
1350 2724 1575 2793 )fimlem
1590 2767 1604 2789 ‚
1630 2728 1765 2795 ejus-

749 2821 852 2871 que
876 2822 1009 2873 aqua
1028 2804 1105 2857 uti
1129 2804 1240 2858 vult
1263 2803 1327 2857 ad
1352 2803 1638 2858 abluendos
1665 2805 1764 2857 in—

748 2881 953 2945 santes;
994 2881 1085 2936 sed
1128 2883 1388 2953 prohibita
1426 2902 1456 2935 a
1490 2882 1759 2950 bubulcis,

749 2960 976 3013 infantes
1021 2970 1196 3029 portat
1238 2960 1306 3014 ad
1347 2961 1624 3015 Xanthum
1659 2961 1767 3014 flu-

750 3039 899 3091 vium
916 3077 931 3106 ,
959 3049 1014 3092 et
1031 3038 1155 3092 inde
1182 3059 1388 3094 reversa
1411 3050 1642 3109 pastores
1677 3039 1765 3092 la-

751 3114 873 3184 pide
897 3134 1163 3184 percussos
1184 3127 1353 3170 mutat
1381 3118 1437 3170 in
1463 3137 1632 3171 ranas.
1656 3116 1764 3170 Sed

752 3194 1014 3261 maiorem
1036 3196 1551 3251 commiserationem
1585 3196 1768 3251 Ovidii

751 3273 1068 3342 figmentum
1092 3274 1225 3328 facit.
1247 3302 1316 3316 ·-
1334 3277 1564 3329 Μεὶίονὺ·
1578 3316 1590 3337 ,
1626 3274 1770 3345 quod

755 3372 853 3422 pro
899 3356 1162 3408 medeberis
1219 3354 1415 3424 recepit
1471 3355 1721 3408 Heinsius
1751 3392 1768 3422 ,

757 3451 925 3502 quum
951 3431 1087 3486 hanc
1105 3450 1254 3486 suam
1280 3431 1638 3500 conjecturam
1661 3450 1772 3485 uno

757 3511 986 3565 Strozzae
1010 3510 1132 3564 MS.
1146 3508 1515 3565 confirmatam
1532 3508 1770 3576 vidisset,

758 3607 869 3642 non
896 3589 1031 3642 male
1054 3607 1109 3641 se
1129 3586 1315 3651 habet;
1343 3606 1506 3657 quum
1532 3586 1678 3641 enim
1699 3586 1774 3639 la-

760 3685 849 3720 cus
873 3664 1135 3720 turbidam
1160 3666 1269 3719 sere
1294 3682 1482 3735 aquam
1510 3663 1772 3730 habeant,

758 3764 870 3799 non
898 3755 1097 3798 temere
1133 3753 1415 3810 monetur,
1451 3743 1710 3796 Latonam
1744 3761 1776 3794 a

761 3828 961 3878 mettim
984 3842 1117 3893 aqua
1141 3824 1411 3877 invitatam
1443 3841 1552 3875 esse
1588 3820 1652 3874 ad
1684 3821 1774 3874 bi-

760 3902 1014 3957 bendum.
1057 3901 1126 3956 Et
1149 3905 1323 3954 melior
1351 3910 1495 3955 certo
1536 3910 1776 3969 respectu

762 3981 955 4050 legitur
976 3980 1136 4035 etiam
1158 3981 1212 4048 1,
1232 4001 1309 4054 79.
1332 3981 1676 4033 Burmannus
1686 3998 1778 4048 pu-

766 4071 869 4127 tat,
889 4060 1214 4115 adsentiente
1229 4059 1478 4132 Verheyk
1493 4058 1556 4112 ad
1574 4060 1777 4112 Anton-

764 4139 821 4191 in
865 4142 1082 4191 melioris
1118 4139 1279 4192 latere
1311 4157 1511 4191 nomen
1550 4139 1776 4190 Meliten.

760 4246 835 4259 —-
849 4215 1071 4272 Codices
1092 4218 1258 4271 nostri
1287 4217 1484 4271 habent
1500 4220 1779 4271 medcbcn's.

769 4296 1070 4352 Heinsianae
1098 4298 1413 4368 conjecturae
1444 4308 1500 4351 et
1526 4295 1609 4352 Cl.
1644 4298 1780 4349 Gie-

1855 2334 1981 2406 quid
2013 2334 2268 2406 significat
2298 2334 2574 2404 epitheton
2603 2337 2861 2389 neltbnlr?

1856 2412 2000 2484 quod
2018 2452 2034 2480 ‚
2068 2431 2235 2483 quum
2258 2412 2717 2482 comparationem
2739 2411 2866 2465 indi-

1856 2501 1969 2557 cet,
2001 2491 2073 2545 ibi
2102 2491 2323 2544 minime
2353 2490 2641 2544 convenire
2672 2499 2865 2559 potest,

1855 2570 1948 2622 ubi
1985 2569 2128 2622 nulla
2179 2588 2325 2639 aquae
2362 2569 2640 2637 cuiuslibet
2673 2569 2867 2621 mentio

1857 2647 1991 2701 sacta
2004 2647 2116 2699 suit.
2139 2648 2308 2700 Porro
2324 2647 2596 2717 epitheton
2610 2648 2870 2698 medeberis

1862 2728 2095 2797 apprime
2114 2746 2305 2780 consen
2314 2729 2376 2781 tit
2399 2747 2524 2782 cum
2538 2726 2872 2794 sequentibus

1861 2805 2120 2867 renibus,
2146 2805 2243 2858 363
2273 2815 2330 2858 et
2358 2805 2487 2872 364:
2515 2804 2698 2858 dicitur
2723 2802 2872 2855 enim

1861 2881 2054 2936 incolas
2073 2886 2383 2952 pedumque
2415 2901 2654 2950 manuque
2689 2884 2872 2933 tuba-

1864 2967 1995 3013 etlrse
2011 2963 2155 3013 laces
2167 3001 2181 3022 ,
2208 2966 2405 3029 t'noqne
2419 2980 2449 3012 e
2460 2964 2760 3028 gurgileetc.
2785 2996 2801 3024 ,
2823 2965 2874 3010 et

1863 3038 1943 3093 bis
1967 3040 2137 3093 verbis
2157 3039 2402 3093 innuitur
2415 3039 2588 3092 lacum
2604 3037 2761 3090 fuisse
2774 3055 2871 3087 ne-

1862 3119 2092 3170 diocmm.
2121 3117 2245 3171 Jam
2267 3116 2493 3170 diximus
2511 3114 2720 3170 Heinsii
2741 3132 2872 3167 con-

1863 3196 2077 3265 iecturis
2092 3213 2228 3266 sepe
2242 3195 2532 3249 infelicibus
2548 3190 2873 3248 terminos-i-

1865 3273 2083 3327 dianum
2105 3275 2258 3328 fuisse
2279 3274 2604 3327 subversum.
2629 3275 2732 3325 Ed.

1933 3352 2045 3419 348.
2079 3354 2245 3405 Tur-ba
2269 3357 2469 3415 velen&
2496 3347 2725 3403 Codices
2747 3366 2874 3400 nos-

1868 3431 1935 3483 tri
1958 3470 1973 3497 ,
1998 3435 2141 3483 turba
2169 3437 2340 3495 vetat,·
2379 3427 2525 3481 idem
2560 3438 2657 3481 est.
2683 3429 2781 3479 Ed.
2813 3452 2874 3463 —

1871 3508 1918 3561 E
1934 3512 2082 3562 turba
2095 3512 2295 3561 wlaale
2314 3524 2343 3558 a
2360 3505 2539 3559 Probo
2551 3518 2878 3559 commemo-

1869 3598 2017 3641 ratur
2031 3586 2248 3641 Neocles
2266 3596 2455 3655 pastor.

1935 3666 2228 3737 349.Qu1·d
2244 3665 2521 3729 prohibetis
2558 3671 2658 3714 etc.
2694 3657 2882 3714 Oratio

1869 3745 2018 3798 sortis
2038 3743 2102 3797 ad
2127 3740 2553 3812 persuadendum
2572 3750 2631 3793 et
2651 3758 2882 3793 moven-

1872 3821 2017 3875 dum.
2027 3821 2301 3888 -Aqut’s5
2325 3819 2516 3889 vulgo,
2543 3828 2597 3872 et
2624 3819 2678 3871 in
2696 3816 2886 3870 nostris

1876 3899 2157 3954 codicibus
2169 3898 2375 3968 Regiis,
2390 3915 2588 3966 aquas3
2617 3895 2737 3948 vide
2749 3896 2885 3948 Bur-

1872 3995 2148 4030 mannum.
2171 4004 2238 4016 —
2262 3979 2551 4030 Comum}
2578 3992 2733 4039 usu-53
2756 3972 2884 4025 libro

1875 4055 1933 4121 l,
1964 4057 2088 4109 135:
2123 4058 2488 4108 Communem...
2512 4055 2715 4104 Imm
2743 4054 2887 4115 longo

1869 4138 2094 4201 seponit
2108 4136 2268 4185 lemae
2281 4129 2724 4184 nemon—Paulo
2740 4136 2851 4198 post
2869 4164 2886 4188 ,

1873 4215 1930 4267 in
1947 4234 2099 4267 versu
2116 4215 2242 4280 353,
2270 4231 2365 4282 pro
2382 4219 2526 4265 artus
2539 4251 2554 4271 ,
2582 4211 2666 4263 vir
2686 4208 2884 4267 doctus,

1874 4293 1931 4346 in
1956 4292 2182 4362 Ephem.
2206 4292 2280 4346 lit.
2297 4289 2536 4345 Norimb.
2553 4288 2776 4357 conject-
2790 4304 2886 4336 aa·
