3217 5134
611 551 1706 625 METAMORPHOSEON
1758 556 1957 626 LIB.
2017 559 2078 627 1.
2330 588 2422 655 99
2518 637 2522 644 ⁴

257 687 533 766 Retulit
561 688 913 790 antiquas3
948 687 1194 790 partim
1227 716 1403 764 nova
1433 707 1735 765 monstra
1767 692 2032 766 creavit.

257 806 393 882 Illa
427 805 698 908 quidem
729 803 978 894 nollet,
1014 803 1135 880 sed
1171 822 1234 880 te
1271 832 1583 908 quoque,
1620 807 1901 886 maxime
1934 810 2240 912 Python,

259 925 445 997 Tum
481 922 746 1020 genuit3
791 920 1196 1023 populisque
1231 921 1465 1011 novis,
1495 920 1839 1018 incognita
1873 951 2178 1025 serpena,

260 1040 521 1112 Terror
556 1065 699 1112 eras
727 1066 743 1110 ε
779 1052 1040 1112 tantum
1077 1035 1280 1136 spatii
1313 1033 1400 1110 de
1427 1055 1656 1114 monte
1687 1038 1996 1114 tenebas!
2326 1060 2427 1131 440

266 1154 701 1234 HancDeus
737 1151 1140 1240 arcitenenS,
1177 1169 1246 1227 et
1278 1181 1623 1255 nunquam
1661 1152 1906 1232 talibus
1941 1154 2140 1232 armis

265 1272 488 1360 Ante,
521 1269 656 1344 nisi
687 1270 758 1343 in
794 1269 1006 1346 damis
1040 1271 1427 1372 capreisque
1462 1269 1814 1366 fugacibus
1832 1326 1852 1359 ,
1891 1299 2054 1347 usus
2076 1328 2096 1361 ,

266 1385 470 1461 Mille
506 1413 770 1482 gravem
805 1383 988 1474 telis,
1026 1385 1344 1459 exhausta
1374 1414 1567 1487 poene
1601 1387 1910 1487 pharetra
1933 1444 1953 1476 ,

265 1501 614 1590 Perdidit,
657 1499 871 1575 effuso
906 1529 1030 1603 per
1061 1502 1341 1577 vulnera
1368 1502 1560 1599 nigra
1590 1531 1868 1577 venen0.

335 1683 457 1754 437.
488 1683 718 1743 Retulit,
758 1680 958 1734 iterum
994 1679 1204 1734 creavit.
1239 1668 1308 1721 ·-’

271 1762 536 1820 Boutta,
551 1763 743 1836 τέρατα,
758 1758 1010 1811 dicuntur
1022 1797 1037 1825 ,
1051 1769 1113 1811 ut
1121 1776 1308 1812 omnes

268 1859 358 1893 res
379 1837 634 1892 inaudite
659 1847 714 1889 et
736 1836 883 1890 mire
906 1877 921 1903 ,
957 1836 1029 1889 ita
1053 1837 1213 1888 etiam
1230 1836 1307 1890 se-

269 1936 347 1971 re
361 1916 639 1970 terribiles.
657 1915 866 1967 Luci-et.
893 1912 944 1966 d.
969 1911 1002 1966 l.
1019 1915 1310 1983 :Multaque

269 2002 379 2049 {um
405 1996 582 2047 Tellus
589 1997 745 2046 eitam
755 1991 992 2059 portenta
1012 2009 1185 2043 creare
1208 1992 1310 2043 Co-

271 2080 406 2127 nla
423 2077 518 2124 est.
541 2071 719 2123 Etiam
738 2067 877 2139 apud
899 2068 1090 2121 Horat.
1110 2069 1136 2122 l
1156 2107 1171 2135 ,
1197 2066 1308 2121 Od.

271 2165 320 2203 n
337 2189 354 2217 ‚
373 2150 411 2202 6
436 2164 599 2202 :aava
619 2155 857 2200 monstra.
875 2172 943 2186 ·-
961 2145 1206 2198 Monstra
1230 2144 1310 2197 di-

270 2238 476 2282 cuntur
499 2226 660 2280 etiam
696 2226 980 2294 ἇτυχῆματα
1010 2242 1025 2276 t
1049 2235 1307 2293 tanquam

271 2327 362 2362 res
378 2325 562 2372 novoe,
580 2316 633 2359 et
653 2304 766 2358 sine
785 2321 932 2356 more
956 2312 1309 2356 occurrentes.

338 2385 460 2453 438.
491 2387 677 2437 Nollet.
714 2382 922 2451 Nempe
947 2380 1060 2435 sine
1090 2399 1184 2434 sua
1212 2399 1311 2433 vo-

270 2463 481 2517 luntate
498 2500 516 2528 ,
550 2459 824 2513 elementis
847 2460 916 2512 ita
938 2459 1275 2528 operantibus
1289 2498 1305 2527 ,

271 2542 378 2596 hoc
391 2549 704 2611 portentum
716 2547 1009 2608 pepererat.
1023 2538 1308 2612 —erbmm

275 2622 328 2675 A
353 2627 518 2680 εὐθυς
544 2617 883 2673 exhalationis
902 2617 1047 2670 enim
1069 2616 1313 2686 putredi-

272 2720 408 2756 nem
441 2720 472 2753 a
510 2700 707 2752 diluvio
748 2716 961 2770 gravem
992 2696 1085 2751 Sol
1131 2693 1312 2748 radio-

271 2798 403 2834 rum
422 2818 440 2846 ,
470 2789 725 2847 tanquam
744 2777 1050 2848 sagittarum
1069 2815 1084 2843 ,
1109 2775 1217 2829 ictu
1239 2785 1312 2828 at-

272 2858 526 2914 tenuavit
551 2858 940 2926 exsiccavitque.
965 2858 1066 2909 Ed.
1098 2884 1168 2896 —
1191 2855 1310 2928 Ry-

274 2942 485 2994 !honen
509 2940 644 2990 banc
668 2937 893 2990 Homer.
909 2934 963 2988 h.
983 2934 1155 3005 Apou.
1177 2953 1311 2988 vers.

274 3019 377 3072 302
394 3057 413 3086 ,
437 3026 592 3069 vocat
617 3019 869 3092 ζατρεφία,
906 3015 1110 3082 aquilino
1129 3052 1145 3080 ,
1181 3036 1314 3084 τερας

275 3102 474 3175 &peon
506 3093 682 3165 Apoll.
706 3093 812 3147 Rh.
837 3103 1016 3146 autem
1043 3092 1097 3146 11
1119 3131 1134 3159 ,
1177 3090 1274 3160 708
1293 3131 1308 3158 ,

280 3181 507 3247 &lsai-mv
520 3177 735 3249 πελώριον
749 3210 764 3236 ,
793 3169 934 3240 quod
949 3168 1239 3240 spanhem.
1253 3168 1312 3221 in

279 3261 499 3325 ὐλφένην
511 3248 829 3304 mutandum
841 3258 1024 3302 censet
1036 3266 1098 3300 ex
1113 3243 1315 3300 thetz.

278 3332 347 3388 ad
371 3329 638 3404 Lycophr.
664 3349 714 3400 p.
732 3329 812 3397 43.
829 3326 964 3382 Inde
984 3326 1176 3398 Apollo
1200 3325 1317 3380 dic-

277 3424 368 3469 tus
401 3411 639 3466 creditur
685 3415 920 3480 &qu-veae.

346 3492 467 3566 439.
477 3494 747 3559 Incognita
757 3485 1074 3542 femininum
1087 3483 1317 3555 praetulit

278 3572 475 3627 Bur-m.
503 3569 624 3639 quia
650 3564 826 3621 Sebol.
850 3563 1094 3634 Apollon.
1119 3562 1185 3616 ad
1221 3563 1276 3617 11
1293 3600 1311 3630 ,

281 3652 385 3720 708
403 3687 420 3715 ,
446 3646 639 3714 tradit,
673 3643 810 3699 hanc
820 3646 1104 3697 dracenam
1120 3639 1315 3694 dictam

278 3748 399 3785 esse
437 3730 655 3800 δελςιύνην
696 3742 887 3796 genere
932 3720 1212 3775 feminino.
1248 3745 1318 3761 —-

276 3809 562 3875 Incognita
581 3803 780 3858 habent
815 3803 1072 3856 Beruens.
1097 3797 1316 3868 Neapol.

277 3898 341 3942 et
357 3884 546 3938 decem
561 3884 662 3937 alii.
680 3881 861 3936 Ceteri
877 3920 892 3948 ,
916 3883 1183 3947 incognite.

352 3964 479 4031 440.
510 3964 722 4014 Tantam
740 3963 914 4028 spatii.
930 3956 1088 4028 Apud
1107 3955 1316 4010 Gallim.

278 4061 428 4098 vers.
450 4041 537 4115 93,
558 4043 848 4095 Parnasum
870 4039 1100 4110 implicat
1122 4055 1318 4090 novem

278 4120 540 4189 orbibus,
562 4131 616 4175 et
634 4118 772 4191 apud
793 4118 1023 4173 Statium
1040 4157 1055 4183 ,
1071 4113 1241 4170 Theb.
1259 4116 1286 4169 1
1298 4154 1315 4182 ,

281 4200 725 4268 563,intersectus
737 4201 956 4269 oecupat
964 4194 1190 4266 spatium
1201 4212 1319 4246 cen·

280 4290 412 4335 tum
432 4279 701 4349 jugerum.
721 4305 790 4318 -
813 4278 897 4330 De
914 4280 1086 4328 monte
1105 4271 1317 4338 maluit,

281 4361 683 4429 quamnam,
716 4365 777 4408 ut
788 4371 1071 4409 concursus
1088 4350 1320 4407 duorum

1401 1679 1776 1735 Genitivorum
1790 1682 2061 1737 vitaretur.
2071 1684 2230 1737 —De
2244 1690 2427 1750 monle,

1403 1760 1700 1814 Parnasum
1724 1771 1967 1814 montem
1984 1761 2225 1829 tenebat,
2251 1761 2429 1831 ibique

1402 1836 1484 1890 vel
1516 1838 1725 1891 oracula
1760 1836 1981 1905 edebat,
2023 1838 2106 1891 vel
2138 1838 2430 1892 secundum

1405 1914 1714 1985 Apollodor.
1749 1917 2021 1970 oraculum
2063 1914 2387 1972 custodiebat
2415 1939 2430 1974 z

1402 2011 1529 2045 nam
1565 1992 1821 2047 dracones
1850 2012 1985 2064 saepe
2010 1994 2253 2048 custodes
2285 1997 2431 2050 loco-

1401 2088 1524 2123 rum
1550 2081 1719 2123 erant.
1745 2070 1869 2124 Vid.
1894 2070 1959 2124 ad
1986 2073 2069 2127 111
2091 2111 2107 2140 ,
2133 2074 2214 2128 31.
2240 2076 2313 2128 Et
2338 2076 2431 2129 tri-

1404 2148 1567 2219 podes
1581 2150 1638 2201 in
1653 2149 1888 2202 nummis
1904 2150 2056 2202 multi
2070 2151 2434 2207 circumvoluti

1404 2224 1720 2280 draconibus
1740 2226 2163 2296 conspiciuntur,
2187 2230 2308 2298 quia
2322 2229 2436 2283 dra·

1405 2323 1470 2358 co
1496 2315 1679 2374 aptum
1705 2303 1772 2358 ad
1796 2306 1981 2375 auguri
2008 2325 2035 2358 a
2057 2307 2267 2360 animal.
2294 2307 2433 2363 Vide

1405 2381 1699 2453 Spanhem.
1718 2381 1784 2436 ad
1808 2381 2116 2437 Callimachi
2138 2384 2190 2437 h.
2210 2385 2331 2440 Del.
2348 2407 2432 2460 9¹·

1471 2465 1586 2531 441.
1636 2467 1804 2517 Hanc.
1846 2462 2065 2519 Obrect.
2106 2463 2241 2520 Cod.
2267 2467 2394 2520 8001
2414 2505 2434 2536 ,

1404 2544 1539 2595 hunc
1552 2583 1565 2604 ,
1587 2541 1661 2595 ita
1677 2553 1737 2595 ut
1752 2543 2014 2596 referatur
2027 2542 2088 2595 ad
2105 2543 2428 2615 Pythonem,

1405 2639 1567 2690 quem
1596 2639 1755 2689 supra
1787 2621 2076 2674 masculino
2110 2641 2303 2691 genere
2334 2642 2433 2693 po-

1405 2703 1524 2756 suit.
1537 2728 1605 2745 ..-
1614 2704 1941 2764 Areae-aens,
1966 2701 2158 2772 Apollo
2171 2708 2405 2780 τοξοᾳὸρος
2415 2743 2431 2772 ,

1403 2784 1592 2849 τοξότης
1608 2819 1623 2846 ,
1640 2798 1828 2850 preses
1840 2778 2226 2850 sagittariorum
2244 2794 2295 2834 et
2311 2801 2434 2835 aue-

1404 2866 1493 2909 tor
1527 2857 1653 2910 artis
1674 2856 1953 2926 sagittandi
1980 2877 1995 2911 z
2033 2856 2153 2911 vide
2193 2858 2435 2912 Maerob.

1408 2933 1490 2990 Vl
1507 2975 1524 3004 ,
1541 2938 1587 2988 5.
1613 2935 1764 2990 Inter
1778 2934 1993 2989 Latinos
2006 2935 2218 2990 Naevius
2233 2936 2435 3006 primus

1407 3014 1509 3068 hoc
1547 3015 1769 3068 nomine
1799 3032 1938 3068 usus.
1974 3041 2043 3055 ·-
2069 3016 2148 3066 Et
2164 3035 2431 3084 nunquam.

1409 3091 1688 3161 Quoniam
1714 3099 1770 3145 et
1789 3103 1911 3146 ante
1942 3111 2195 3162 nunquam
2228 3093 2438 3148 moles-

1408 3181 1525 3225 tum
1539 3181 1645 3239 est,
1671 3179 1950 3241 propterea
1976 3171 2156 3245 Heyn.
2173 3172 2237 3225 ad
2259 3171 2435 3226 Tibul.

1411 3247 1544 3305 Obs.
1561 3248 1675 3317 Ἰν,
1698 3265 1720 3301 1
1737 3289 1752 3317 ,
1775 3248 1869 3322 39,
1887 3248 2073 3303 suadet
2089 3269 2190 3303 non
2204 3271 2440 3320 unquam.

1476 3328 1591 3394 442.
1633 3328 1697 3379 In
1742 3330 1938 3392 dames,
1987 3326 2046 3380 in
2083 3326 2277 3382 damas.
2300 3329 2437 3382 ‚sed

1412 3404 1605 3475 Apollo
1627 3405 1763 3459 seras
1778 3404 1948 3477 figens
1969 3404 2108 3476 apud
2135 3406 2260 3460 alios
2274 3407 2441 3477 scrip-

1411 3492 1554 3537 tores
1578 3501 1692 3536 non
1713 3482 1958 3538 occurrit.

1478 3561 1593 3630 443.
1616 3563 1767 3618 Mille
1783 3583 2000 3633 gravem.
2016 3561 2161 3617 Male
2182 3561 2370 3617 Heius.
2386 3574 2443 3619 et

1412 3639 1733 3712 Zinzerling.
1747 3641 2069 3711 prefereban
2078 3650 2097 3693 t
2102 3646 2267 3707 gravi,
2286 3639 2440 3711 ‘quod

1413 3721 1646 3776 Pontan.
1667 3732 1724 3774 et
1739 3720 2036 3773 Burmann.
2052 3720 2440 3790 improbarunt.

1410 3802 1717 3860 —Gravem
1742 3809 2026 3870 gravatam,
2042 3810 2307 3866 onustam,
2323 3800 2441 3869 ple-

1413 3896 1555 3931 nam.
1570 3875 1709 3931 Vide
1726 3876 2138 3932 Freinshem.·ad
2156 3879 2298 3931 Flor.
2320 3879 2436 3945 111,

1413 3973 1470 4023 v,
1503 3957 1579 4009 18.
1603 3953 1676 4008 Et
1697 3956 1917 4010 omnino
1937 3960 2133 4024 gras-⁹125,
2163 3956 2254 4024 qui
2278 3967 2444 4026 gestat

1416 4033 1646 4105 aliquidt
1675 4033 1842 4098 XIV,
1883 4033 1982 4087 628
2001 4074 2016 4102 ,
2052 4035 2239 4101 jaculo
2269 4040 2443 4103 gravis

1414 4115 1636 4165 dextera.
1661 4137 1727 4151 —
1762 4111 1912 4163 Mille
1942 4114 2074 4164 ΙεΙιὶτ.
2106 4109 2304 4164 Statius
2321 4151 2336 4179 ‚
2360 4111 2443 4177 V,

1416 4190 1510 4243 532
1526 4228 1541 4255 ,
1573 4187 1699 4243 dicit
1722 4192 2051 4242 arundineam
2078 4195 2287 4242 centeno
2309 4192 2438 4244 vul-

1413 4288 1530 4324 nere
1545 4271 1728 4320 silvam
1750 4268 1961 4322 vexisse.
2296 4279 2301 4284 ⁴

1481 4350 1598 4416 444·
1626 4348 1786 4416 Nl'ffm
1794 4388 1810 4412 r
1826 4346 1908 4400 vel
1923 4346 2046 4417 ‘luia
2061 4357 2334 4418 serpentes
2346 4346 2445 4417 ipsi
