3217 5134
725 544 817 630 44

1289 548 1378 618 Ρ..
1436 546 1792 617 OVIDII
1863 540 2319 615 NASONIS

724 686 1082 788 Adspirate
1118 686 1313 777 meis,
1348 686 1694 790 primaque
1724 687 1810 763 ab
1845 687 2105 784 origine
2141 685 2375 761 mundi

730 802 840 876 Ad
872 831 1014 877 mea
1049 819 1449 905 perpetuum
1484 802 1791 878 deducite
1827 821 2132 905 tempora
2166 828 2456 876 carmen:

832 921 887 993 1.
916 920 1146 1007 ANTE,
1180 947 1359 994 mare
1395 937 1464 994 et
1496 917 1697 995 tellus
1733 937 1798 993 et
1831 919 2018 1023 quod
2053 919 2222 1016 tegit
2254 916 2480 993 omnia
2513 913 2783 1007 caelum,
2839 938 2872 989 s

729 1109 1016 1181 doquidem
1032 1132 1124 1166 vos
1142 1132 1256 1166 non
1273 1111 1437 1166 modo
1455 1124 1643 1168 cetera
1664 1133 1757 1167 re-

731 1189 848 1258 gitis
868 1227 883 1255 ,
908 1209 1096 1244 verum
1118 1195 1272 1244 etiam
1294 1191 1490 1244 formas
1509 1190 1621 1244 illas
1641 1209 1754 1244 mu·

730 1270 875 1323 tastis
890 1309 906 1336 ,
935 1289 1065 1340 quas
1087 1289 1187 1342 ego
1206 1270 1312 1325 hoe
1328 1271 1565 1326 carmine
1584 1286 1756 1340 perse·

734 1367 882 1416 quar.
903 1346 1008 1403 Cui
1018 1349 1120 1403 boe
1131 1349 1367 1419 displicet
1383 1389 1398 1417 ,
1413 1351 1457 1403 is
1473 1368 1503 1403 e
1520 1348 1757 1404 lectionis

730 1426 982 1481 varietate
999 1428 1241 1496 proferat
1248 1431 1464 1481 easdem.
1477 1428 1602 1481 Non
1618 1427 1757 1481 bene

733 1506 997 1575 Koeppen.
1011 1524 1130 1559 nam
1139 1505 1472 1574 elconjunxit
1490 1515 1647 1574 atque
1663 1522 1760 1574 per

729 1588 911 1639 elath
933 1581 1191 1654 explicuit.
1207 1610 1277 1624 -
1304 1586 1421 1645 Vos,
1447 1582 1611 1637 Paiat.
1632 1583 1760 1636 Bar·

738 1682 859 1733 neg.
885 1680 1023 1715 unus
1045 1661 1206 1715 Ham.
1233 1680 1265 1714 a
1286 1680 1358 1713 m.
1379 1681 1457 1731 pr.
1480 1670 1535 1714 et
1552 1660 1760 1716 scheda

736 1739 928 1801 Leod„
954 1741 1069 1803 Di,-
1094 1758 1213 1809 (με
1231 1739 1476 1809 repetitio
1499 1739 1760 1794 concinna

737 1818 961 1874 Heinsio
972 1816 1249 1872 videbatur
1262 1829 1316 1873 et
1326 1836 1549 1872 nervosa
1560 1837 1573 1871 ε
1591 1816 1760 1871 immo

735 1897 917 1965 inepta
935 1896 1089 1949 soret.
1112 1895 1295 1950 Potius
1312 1903 1508 1948 mutare
1519 1893 1761 1949 consulto

736 1974 1309 2044 repetitum-De’tamen
1322 1973 1760 2029 deditMitscberl.

740 2081 808 2093 —
837 2054 913 2106 Et
931 2056 1068 2105 illas.
1104 2049 1278 2106 codd.
1299 2052 1517 2124 quidam
1542 2056 1761 2106 eudem.

742 2133 994 2188 Francius
1016 2152 1205 2204 parum
1227 2133 1449 2188 feliciter
1474 2134 1614 2204 conj.
1641 2152 1655 2186 ι
1679 2130 1764 2186 vel

739 2230 856 2264 nam
877 2230 971 2264 vos
986 2217 1224 2264 musteis
1244 2215 1298 2264 in
1312 2215 1431 2276 illa,
1456 2211 1541 2265 vel
1555 2228 1769 2279 namque

745 2291 844 2341 has
863 2293 1102 2342 mutastis
1120 2293 1175 2342 ιἰι
1195 2293 1304 2342 ille.

811 2368 861 2421 3.
873 2369 1154 2435 Adspz‘mle
1163 2372 1303 2421 neck.
1317 2366 1513 2422 Adeste
1531 2406 1546 2434 ,
1564 2367 1736 2420 favete
1753 2387 1769 2429 ς

748 2445 1059 2516 metaphora
1094 2456 1304 2516 sumpta
1339 2465 1370 2499 a
1407 2444 1774 2517 navigantibus

752 2524 940 2594 quibus
975 2535 1137 2578 vento
1172 2524 1468 2595 adspirante
1505 2544 1637 2595 opus
1680 2533 1773 2578 est.

753 2604 889 2659 Hac
905 2604 1169 2659 invooetio
1190 2624 1381 2676 parum
1408 2604 1656 2659 solemnis
1677 2622 1777 2674 pro

754 2694 905 2737 tanto
924 2693 979 2737 et
1002 2694 1112 2738 tam
1131 2685 1274 2755 gravi
1291 2703 1467 2755 opere.
1480 2683 1629 2754 Virg.
1650 2682 1778 2737 AEn.

754 2762 842 2815 tib.
867 2762 965 2829 lx,
985 2764 1111 2817 525:
1138 2765 1257 2826 Vos,
1274 2783 1305 2816 o
1326 2765 1562 2830 Calliope,
1576 2780 1771 2829 precor,

753 2845 1012 2909 ammte
1023 2846 1240 2896 canenti.
1260 2839 1360 2894 Ed.
1369 2844 1704 2908 —Pn‘enaqne
1713 2842 1783 2893 ab

755 2923 945 2987 origine
968 2923 1156 2973 mundi.
1188 2919 1315 2973 Post
1344 2919 1553 2972 Lucret.
1582 2917 1783 2988 phrasis

757 2998 869 3052 sere
891 2998 1140 3053 solemnis
1163 2999 1217 3052 in
1241 2999 1407 3053 haere
1429 2996 1560 3051 wid.
1577 2996 1781 3050 Ciosan.

761 3076 910 3131 Bene
932 3088 987 3132 et
1004 3077 1261 3131 ambitum
1276 3077 1451 3147 operis
1466 3085 1520 3130 et
1535 3085 1785 3129 naturam

764 3156 1033 3227 propriam
1057 3157 1114 3210 in
1137 3156 1320 3209 limine
1344 3155 1553 3209 indicat.

832 3237 883 3302 4.
897 3236 1208 3303 Perpetuam.
1224 3232 1398 3288 Codd.
1413 3233 1660 3287 nonnulii
1673 3251 1790 3286 con·

763 3319 982 3377 mum,
1011 3314 1344 3384 improbante
1359 3312 1545 3366 Burni.
1566 3312 1792 3366 Utrum·

770 3413 874 3464 que
896 3392 1089 3448 eodem
1110 3391 1261 3446 redit.
1289 3391 1466 3446 Etiam
1485 3391 1625 3446 Plin.
1648 3391 1759 3446 vll
1773 3431 1789 3454 ,

772 3472 872 3544 Ep.
892 3488 951 3526 lx
964 3513 980 3541 ,
998 3493 1033 3546 9
1045 3512 1061 3540 ,
1085 3475 1370 3526 continuem
1381 3488 1582 3524 carmen
1600 3469 1793 3524 eodem

768 3570 944 3606 sensu.
967 3550 1053 3604 Ad
1077 3561 1321 3605 naturam
1337 3549 1510 3620 operis
1529 3547 1795 3604 declaran-

775 3628 899 3683 dam
924 3628 1187 3683 delectum
1203 3638 1281 3683 est
1296 3628 1613 3683 vocabulum
1629 3667 1645 3695 ,
1662 3647 1795 3696 pet·-

766 3715 976 3777 peluum
991 3746 1005 3769 ‚
1036 3726 1147 3760 non
1163 3707 1523 3777 interruptum
1541 3746 1557 3774 ,
1584 3724 1692 3759 una
1712 3725 1800 3760 se-

774 3787 851 3840 rie
868 3804 1211 3857 procur-rena
1229 3798 1289 3839 ut
1303 3785 1440 3856 apud
1458 3784 1566 3839 Cic.
1581 3784 1736 3839 Verr.
1749 3785 1796 3854 1,

776 3866 809 3931 4
827 3905 844 3933 ,
874 3870 1119 3932 perpelua
1136 3868 1299 3916 orale’o
1316 3902 1329 3925 ‚
1370 3872 1425 3917 et
1449 3861 1548 3917 Or.
1574 3861 1631 3916 11
1650 3902 1666 3930 ,
1697 3864 1762 3929 54
1779 3903 1795 3931 ,

774 3947 1022 3997 sermonis·
1027 3945 1351 4011 perpetuitas.
1364 3939 1509 4011 Ergo
1509 3946 1802 4008 perpetuans

777 4041 977 4076 carmen
992 4062 1008 4085 ,
1053 4022 1110 4075 in
1154 4039 1262 4092 quo
1301 4019 1487 4074 sabula
1522 4038 1709 4074 omnes
1744 4019 1802 4073 in

781 4102 939 4155 unius
972 4100 1205 4172 corporis
1245 4099 1472 4171 speciem
1505 4100 1804 4170 conjuncte

782 4187 908 4233 sunt
925 4197 978 4232 :a
995 4198 1099 4249 qua
1109 4178 1303 4234 virtute
1320 4177 1531 4232 laudem
1544 4177 1806 4246 insignem

786 4256 1012 4312 Ovidius
1045 4257 1256 4311 meruit.
1297 4256 1470 4311 Simili
1502 4257 1613 4310 sere
1643 4253 1806 4308 modo

786 4336 976 4415 Horat.
1002 4337 1059 4405 1,
1082 4335 1190 4392 od.
1212 4353 1297 4395 vu
1316 4376 1332 4405 ‚
1357 4337 1422 4406 65
1442 4334 1677 4391 Athenas
1702 4354 1809 4390 etatb

1288 4502 1343 4535 ’χ

1849 1118 2223 1181 ηιίιιιρεφείιο
2231 1115 2493 1171 celebrare,
2515 1129 2700 1165 omnes
2715 1109 2880 1165 Athe-

1849 1211 2041 1245 narum
2061 1190 2241 1245 laudes
2257 1191 2397 1259 iusto
2413 1187 2601 1242 ordine
2614 1189 2877 1258 persequi.

1851 1297 1917 1311 -
1929 1271 2206 1331 Dehct‘le,
2231 1267 2356 1323 inde
2372 1268 2436 1322 ab
2455 1266 2606 1322 initio
2624 1284 2790 1338 usque
2809 1264 2878 1320 ad

1852 1348 2020 1403 finem
2043 1348 2178 1402 mibi
2201 1346 2449 1403 scribenti
2473 1344 2665 1400 adeste.
2697 1344 2878 1399 Ducta

1853 1437 1934 1481 est
1960 1425 2270 1496 metaphora
2303 1444 2333 1478 s
2364 1422 2592 1478 lanificio
2614 1463 2629 1491 ,
2660 1423 2752 1478 ubi
2789 1421 2879 1476 fils

1853 1507 2166 1559 deducuntur
2182 1520 2281 1574 per
2300 1501 2499 1563 radios,
2525 1500 2625 1568 IV,
2643 1501 2723 1556 36.
2749 1501 2879 1556 Usi-

1855 1590 2029 1637 tatum
2047 1592 2226 1635 autem
2246 1591 2325 1635 est
2341 1620 2359 1647 ,
2383 1578 2647 1636 scribendi
2662 1597 2879 1650 operam

1856 1680 1978 1715 cum
2003 1670 2208 1715 textura
2231 1657 2528 1713 etlanifieio
2552 1676 2876 1729 comparare.

1857 1738 1982 1793 vid.
1998 1738 2184 1792 Burm-
2204 1735 2268 1790 ad
2297 1736 2420 1789 Am.
2440 1735 2467 1791 Ι
2487 1775 2503 1803 ,
2526 1737 2587 1802 14
2604 1774 2619 1802 ,
2648 1757 2692 1807 7.
2715 1736 2881 1791 Poeta

1854 1820 2061 1871 deduce?
2068 1825 2464 1886 argumentum,
2480 1832 2647 1885 quum
2662 1813 2715 1867 id
2731 1823 2882 1867 trae-

1857 1904 1934 1948 tat
1948 1894 2010 1947 ab
2023 1892 2176 1947 initio
2193 1911 2358 1962 usque
2376 1890 2444 1945 ad
2456 1891 2623 1947 finem
2630 1884 2789 1945 Trist.
2802 1891 2880 1957 11,

1860 1973 1958 2027 560
1975 1991 1988 2026 ι
2013 1975 2073 2026 In
2089 1980 2180 2026 tua
2198 1976 2393 2025 deduxi
2402 1979 2628 2040 tempore
2641 2012 2656 2034 ,
2679 1973 2881 2034 Cesar,

1857 2075 1996 2124 opus.
2018 2053 2125 2109 Sed
2147 2073 2294 2108 nune
2309 2052 2549 2109 modeste
2569 2052 2884 2108 translatum

1862 2133 1927 2187 ad
1943 2132 2103 2187 Deos.
2124 2161 2191 2174 —-
2203 2131 2303 2186 Ad
2309 2151 2422 2184 mea
2441 2138 2675 2198 tempora.
2697 2130 2886 2199 Usque

1865 2210 1930 2263 ad
1959 2220 2167 2265 atatem
2187 2252 2201 2271 ‚
2241 2207 2307 2262 ad
2333 2209 2648 2262 memoriam
2671 2225 2848 2261 meam
2875 2224 2889 2256 :

1867 2289 1934 2344 ad
1977 2289 2295 2361 principium
2336 2289 2530 2343 scilieet
2581 2285 2889 2358 imperantis

1871 2368 2108 2440 Augusti.
2123 2370 2223 2422 Ed.
2235 2396 2303 2408 —
2318 2365 2590 2422 Ceterum
2598 2365 2700 2419 boe
2713 2374 2892 2418 totum

1869 2446 2146 2502 exordium
2160 2446 2292 2501 adeo
2310 2446 2613 2517 displicebat
2623 2444 2892 2516 scaligero

1869 2539 2011 2600 poet.
2022 2528 2108 2583 lib.
2122 2528 2223 2595 v1,
2239 2548 2354 2600 pag.
2367 2528 2481 2590 862,
2499 2537 2560 2580 ut
2572 2526 2678 2597 ipse
2688 2544 2894 2579 novum

1869 2608 2208 2664 substitueret
2220 2648 2235 2676 ,
2257 2606 2350 2662 sed
2366 2606 2529 2660 invita
2539 2603 2787 2658 Minerva
2809 2626 2824 2668 ;
2840 2614 2902 2657 et

1873 2691 2196 2765 gravissimas
2230 2688 2540 2745 temeritatis
2578 2706 2686 2742 sun
2715 2705 2898 2758 poenas

1875 2768 2020 2824 dedit
2042 2779 2158 2823 tum
2177 2767 2286 2821 aliis
2305 2807 2320 2835 ,
2340 2777 2456 2821 tum
2476 2763 2815 2835 Caposerreo.

1943 2851 1989 2901 5.
2004 2848 2169 2911 Ante,
2191 2864 2330 2899 mate
2341 2852 2397 2898 et
2410 2846 2562 2898 lellus
2583 2853 2680 2897 etc.
2700 2843 2904 2895 Creale'o

1876 2927 2075 2990 mundi,
2098 2920 2536 2993 metamorphosis
2546 2920 2788 2977 omnium
2799 2917 2905 2989 pri-

1878 3019 1968 3054 ma
1995 3041 2009 3067 ,
2069 3000 2362 3070 eademque
2402 2998 2718 3070 gravissima.
2762 2996 2908 3049 Arn-

1879 3078 2058 3149 plexus
2071 3090 2250 3133 autem
2265 3088 2343 3133 est
2358 3088 2513 3149 poeta
2529 3118 2545 3146 ,
2563 3095 2764 3146 suoque
2780 3094 2909 3128 mo-

1881 3158 1952 3211 do
1979 3157 2250 3212 exornavit
2267 3155 2619 3222 sententiam,
2647 3172 2766 3225 qua
2792 3153 2909 3222 jam

1883 3235 2011 3290 oiim
2045 3235 2218 3288 suerat
2258 3234 2647 3308 AEgyptiorum.
2688 3232 2910 3286 Horum

1883 3313 2030 3368 enim
2054 3312 2111 3366 in
2139 3312 2276 3366 'scitis
2307 3323 2421 3366 erat
2439 3351 2455 3378 ,
2497 3322 2710 3366 auctore
2747 3309 2911 3380 Diog.

1886 3391 2058 3445 Lassrt.
2084 3408 2304 3462 prooem.
2327 3410 2369 3445 s.
2394 3409 2455 3443 ιο
2473 3430 2490 3458 ,
2516 3390 2668 3467 ἆρχῇν
2684 3391 2803 3445 ιῖυαι
2825 3397 2914 3450 τὴν

1888 3476 1996 3532 ὕλην
2013 3509 2029 3535 ,
2057 3476 2157 3524 εἶτα
2179 3472 2240 3524 τὰ
2263 3472 2462 3545 rc'ecoepoe
2481 3480 2668 3538 σοιχιὶα
2695 3471 2742 3536 ἔξ
2770 3471 2917 3528 αἶα-ῖς

1883 3554 2191 3629 ’διακριθῖναι
2205 3589 2220 3617 ,
2251 3558 2331 3606 καὶ
2352 3552 2454 3615 ζῶἆ
2476 3572 2580 3605 τινα
2605 3549 2916 3611 ἐπαληθῇ,-

1887 3627 2921 3779 3212‘333.’3?.1⁶÷232¹31¹5‘;‚¹5’155‘21¹1¹‚2

1889 3787 2060 3842 multa
2075 3787 2228 3841 ethis
2248 3786 2441 3843 nostris
2455 3827 2472 3855 ,
2498 3797 2552 3842 et
2566 3786 2629 3840 iis
2647 3825 2663 3853 ,
2688 3803 2804 3856 quc
2828 3785 2922 3838 in—

1891 3868 1971 3925 sta
1984 3908 1998 3931 ,
2014 3886 2145 3921 vers.
2162 3866 2260 3933 416
2275 3884 2387 3935 sqq.
2399 3907 2412 3927 ,
2433 3864 2736 3931 traduntur,
2753 3882 2920 3933 quam

1893 3944 2155 4000 simillima
2171 3982 2188 4013 ,
2214 3943 2313 3998 nisi
2340 3942 2483 4013 quod
2507 3942 2577 3997 ibi
2602 3941 2784 3996 omnia
2802 3942 2920 3995 sine

1894 4024 2202 4078 interventu
2227 4032 2282 4077 et
2305 4041 2466 4093 opera
2489 4020 2596 4075 Dei
2611 4061 2628 4089 ,
2667 4020 2785 4076 solis
2817 4039 2927 4073 na·-

1896 4114 2029 4159 ture
2037 4103 2085 4157 le
2092 4103 2239 4174 gibus
2251 4102 2616 4173 perficiuntur.
2624 4102 2821 4158 Noster
2834 4120 2927 4154 au-

1898 4184 2010 4235 tem
2035 4179 2204 4234 multo
2224 4179 2401 4233 sanior
2425 4198 2549 4234 cum
2569 4176 2930 4250 praestantissi-

1897 4260 1998 4314 mis
2013 4258 2230 4314 Graecia
2248 4257 2566 4329 philosophis
2582 4256 2830 4329 opificem
2847 4275 2930 4309 sa·

1900 4336 2139 4406 pientem
2154 4335 2385 4404 adhibet,
2400 4336 2552 4404 cuius
2562 4335 2688 4391 viae
2698 4331 2928 4388 numine
