3217 5134
573 500 711 566 DE
776 498 1125 566 OPERE
1187 496 2244 568 METAMORPHOSEON.
2437 533 2473 596 7

326 639 471 714 Ubi
513 639 602 714 Io
622 699 643 725 ‚
685 638 1088 714 concedente
1122 641 1394 716 Junone
1412 697 1431 730 ,
1483 641 1780 743 priorem
1830 641 2111 717 formam
2156 641 2396 745 recipit
2440 674 2477 718 a

324 764 498 837 Jove
517 817 537 849 ‚
577 764 646 852 I,
705 760 843 863 739
868 820 888 852 ‚

807 929 823 945 .
848 928 865 943 .
889 927 906 943 .
959 887 1219 972 Fugiunt
1248 908 1281 948 e
1316 908 1563 970 corpore
1588 899 1758 966 setae,

497 992 734 1054 Cornua
762 992 1134 1072 decrescunt,
1162 992 1230 1054 fit
1254 993 1488 1056 luminis
1521 995 1736 1057 arctior
1764 994 1920 1056 orbis
1944 1040 1964 1072 ‚

496 1098 875 1160 contrahitur
901 1101 1112 1176 rictus,
1141 1099 1384 1161 redeunt
1410 1099 1752 1183 humerique
1781 1122 2130 1184 manusque3

498 1204 848 1288 Unguhqne
881 1206 940 1265 in
975 1206 1188 1286 quinos
1217 1204 1429 1287 dilapsa
1457 1203 1777 1268 absumitur
1805 1227 2050 1289 ungues.

497 1311 586 1371 De
620 1311 770 1373 bove
797 1310 882 1371 nil
917 1322 1216 1393 superest,
1243 1311 1442 1373 formae
1472 1310 1587 1373 nisi
1620 1310 1866 1390 candor,
1890 1311 1953 1372 in
1980 1311 2118 1385 {1123

497 1415 828 1499 Officioque
857 1414 1068 1501 pedum
1095 1415 1366 1500 Nymphe
1395 1430 1664 1478 contenta
1693 1416 1943 1479 duorum

392 1520 399 1527 ’
493 1524 759 1608 Erigitur
780 1567 798 1598 ‚
825 1524 1144 1604 metuitque
1173 1523 1376 1605 loqui,
1404 1544 1478 1584 ne
1505 1543 1667 1584 more
1695 1525 1955 1606 juvenoe

492 1631 717 1717 Mugiat
735 1675 754 1709 ‚
778 1643 838 1692 et
864 1630 1059 1691 timide
1079 1630 1251 1694 verba
1276 1630 1598 1692 intermissa
1626 1642 1890 1692 retentat.

332 1794 628 1902 Iffciacos
653 1810 917 1896 agrestes
937 1799 1198 1871 Latona
1223 1825 1417 1872 ranas
1442 1825 1606 1885 esse,
1628 1799 1726 1870 Vl
1741 1854 1760 1886 ‚
1791 1795 1936 1898 370
1956 1852 1975 1886 ‚
1999 1796 2211 1897 jubet.
2243 1799 2474 1898 Itaque

1087 2036 1097 2048 .
1157 2028 1174 2045 .
1203 2026 1220 2042 .
1244 2026 1260 2043 .
1316 1986 1494 2061 Juvat
1520 1984 1773 2047 isse'sub
1805 1985 1984 2049 undas

496 2088 578 2148 Et
602 2088 778 2149 modo
811 2101 937 2151 tota
967 2110 1096 2151 cava
1123 2088 1488 2175 submergere
1518 2087 1771 2150 membra
1795 2089 2031 2171 palude,

496 2195 673 2257 Nunc
699 2195 956 2278 proferre
984 2206 1190 2279 caput,
1221 2217 1446 2257 summo
1480 2195 1659 2257 modo
1694 2196 1920 2280 gurgite
1954 2217 2123 2275 nare,

497 2301 665 2383 Saepe
695 2320 869 2383 super
901 2300 1078 2383 ripam
1108 2302 1292 2386 stagni
1319 2298 1652 2377 considere,
1683 2321 1835 2384 soepe

499 2406 571 2464 In
600 2405 821 2490 gelidos
849 2405 1068 2468 resilire
1095 2406 1247 2469 lacus
1258 2446 1439 2465 .....

498 2512 632 2572 Vox
661 2532 896 2593 quoque
927 2513 1037 2594 jam
1070 2532 1237 2571 rauca
1266 2523 1352 2572 est
1373 2556 1393 2587 ‚
1424 2511 1727 2594 inflataque
1758 2512 1904 2575 colla
1933 2525 2288 2593 tumescunt,

497 2620 743 2701 Ipsaque
769 2616 1001 2678 dilatant
1028 2616 1252 2699 patulos
1281 2618 1536 2681 convicia
1565 2618 1763 2680 rictus-

499 2726 689 2809 Terga
715 2735 886 2806 caput
918 2736 1188 2806 tangunt3
1222 2722 1369 2785 colla
1398 2724 1711 2807 intercepta
1741 2723 2046 2798 videntnr;

498 2829 673 2912 Spina
704 2829 885 2900 vireu
917 2841 1155 2903 venter,
1186 2849 1317 2909 pars
1349 2826 1585 2888 maxima
1619 2829 1913 2910 corporis,
1944 2828 2130 2904 alben

493 2935 849 3016 Limosoque
878 2956 1048 2998 novae
1078 2934 1290 2996 saliunt
1318 2934 1380 2994 in
1405 2935 1635 3019 gurgite
1659 2955 1835 2998 ranae.

351 3097 709 3206 ΟςγπΙιοι,
745 3097 1147 3173 vaticinandi
1166 3097 1413 3199 perita,
1444 3095 1734 3197 primum
1761 3096 2128 3197 praesentit,
2155 3098 2255 3187 ll,
2297 3096 2427 3171 561
2458 3157 2474 3185 ‚

334 3224 470 3299 sata
504 3253 668 3300 sua:

496 3408 625 3467 Jam
653 3407 792 3468 mihi
824 3406 1064 3469 subduci
1093 3405 1260 3468 facies
1287 3405 1530 3467 hnmana
1550 3404 1822 3505 *videturlz

496 3515 625 3573 Jam
653 3513 813 3574 cibus
832 3511 1005 3574 herba
1030 3513 1242 3596 placen
1270 3515 1384 3597 jam
1408 3513 1532 3574 latis
1562 3532 1792 3572 currere
1828 3512 2036 3594 campis

497 3624 755 3702 Impetus
790 3631 895 3682 est.
1300 3614 1305 3627 ’

336 3772 505 3845 Mox
541 3769 847 3870 sequitur
878 3767 1162 3843 mutatio
1195 3767 1343 3869 ipsa
1370 3796 1387 3838 :

859 3985 875 4001 .
897 3986 915 4006 .
937 3986 956 4003 .
1010 3942 1146 4004 Pars
1179 3955 1266 4004 est
1299 3954 1546 4003 extrema
1575 3940 1824 4021 querelae

496 4049 794 4111 Intellecta
815 4069 1017 4131 parum
1031 4092 1049 4126 ‚
1081 4042 1429 4128 confusaque
1449 4040 1622 4108 verba
1644 4046 1823 4106 suere.

494 4157 641 4218 Mox
673 4177 780 4218 nec
811 4154 983 4219 verba
1013 4153 1283 4236 quidem,
1308 4172 1414 4213 nec
1442 4174 1576 4233 quae
1604 4172 1786 4212 sonus
1814 4148 1908 4211 ille
1936 4148 2163 4213 videtur
2183 4194 2200 4227 ,

498 4264 617 4326 Sed
647 4263 961 4327 simulantis
986 4283 1229 4345 equam·,
1254 4281 1546 4343 parvoque
1575 4259 1636 4321 in
1664 4270 1922 4339 tempore
1953 4268 2140 4320 certos
