3217 5134
631 538 1662 609 METAMORPHOSEON
1710 543 1901 610 LIB.
1948 543 2083 611 IV.

2301 545 2429 612 355

304 680 667 782 Supposita
701 680 954 781 cepisse
989 706 1224 765 manu;
1261 707 1511 780 perque
1547 680 1776 754 abdita
1805 679 2044 777 longe,

304 804 641 905 Devia'que
660 860 679 890 ‚
716 820 784 877 et
815 801 997 876 silvis
1031 801 1369 876 horrentia
1402 829 1556 877 saxa
1579 803 1866 900 fragosis

204 922 209 927 ⁶
309 926 699 1025 Gorgoneas
737 926 1030 1022 tetigisse
1065 926 1348 1013 domos;
1383 928 1767 1029 passimque
1801 956 1922 1030 per
1955 957 2150 1025 agros
2176 987 2197 1020 ,

303 1049 562 1151 Perque
597 1049 734 1124 vias
767 1049 1010 1124 vidisse
1045 1049 1393 1125 hominum
1426 1049 1777 1125 simulacra
1797 1107 1817 1141 ,
1850 1035 2266 1155 ferarumque

302 1175 382 1247 In
419 1172 668 1247 silicem
701 1201 781 1247 ex
814 1173 982 1273 ipsis
1015 1174 1152 1247 visa
1179 1201 1496 1247 conversa
1523 1172 1808 1248 Medusa
1835 1203 1852 1248 ε

2343 1201 2441 1269 780

302 1296 392 1372 Se
429 1313 644 1370 tamen
677 1294 1063 1382 horrendae,
1102 1295 1314 1397 clypei
1351 1295 1536 1397 quod
1570 1295 1726 1369 laeva
1757 1297 2029 1392 gerebat

301 1420 464 1494 AEre
494 1447 914 1520 repercusso,
951 1419 1232 1493 formam
1265 1418 1645 1519 adspexisse
1685 1419 1981 1493 Medusae
2017 1449 2035 1491 ε

301 1528 620 1644 Dumque
656 1543 869 1638 gravis
901 1570 1178 1616 somnus
1211 1540 1654 1641 colubrasque
1689 1541 2036 1643 ipsamque
2073 1542 2342 1617 tenebat
2362 1600 2380 1633 ‚

299 1666 650 1769 Eripuisse
685 1664 887 1769 eaput
916 1665 1131 1754 collo;
1165 1666 1539 1767 pennisque
1571 1664 1876 1761 fugacem

299 1791 609 1888 Pegason
630 1847 664 1880 ,,
686 1808 756 1865 et
786 1790 1053 1865 stau-em
1075 1846 1094 1879 ,
1130 1790 1360 1864 matris
1396 1788 1477 1862 de
1513 1789 1835 1883 sanguine
1869 1805 2086 1863 natos.

2350 1812 2449 1882 785

294 1912 591 1996 Addidit
622 1931 691 1988 et
722 1910 910 2008 longi
942 1941 1080 1985 non
1114 1911 1278 1986 falsa
1310 1909 1606 2012 pericula
1641 1938 1874 1985 cursus
1901 1939 1915 1983 ε

292 2127 520 2181 „sermm
530 2148 599 2160 —
609 2122 746 2173 Dum
757 2114 989 2179 findilur,
1010 2121 1054 2171 iv
1073 2119 1323 2186 παραθῶσι

1507 2116 1620 2183 781.
1667 2116 1847 2186 Clypei
1882 2135 2010 2180 ere,
2059 2114 2242 2188 clypeo
2282 2135 2446 2173 oeneo.

291 2199 957 2266 Eratosth—supponra,
982 2196 1150 2266 posita
1170 2196 1224 2249 in
1245 2195 1326 2249 lo-
1426 2189 1655 2262 Clypeos
1697 2202 1876 2244 autem
1919 2192 2136 2247 Veteres
2182 2193 2450 2250 habebant

286 2298 428 2335 cum
438 2296 631 2330 manus
645 2273 1330 2347 Phorcydis.1nterceptum
1424 2267 1557 2321 adeo
1581 2268 1769 2338 politos
1788 2307 1804 2336 ,
1834 2268 1967 2322 utils
1982 2288 2079 2339 pro
2098 2270 2316 2339 speculis
2342 2282 2453 2326 ute·

255 2384 262 2389 ·
286 2373 495 2412 earum
513 2353 726 2407 oculum
740 2352 979 2422 pnomisit
1004 2372 1064 2405 se
1087 2371 1196 2406 esse
1213 2351 1331 2404 red·
1424 2360 1625 2403 rentur.
1654 2348 1801 2403 Hinc
1824 2368 1981 2419 supra
2001 2369 2156 2403 versu
2178 2351 2278 2423 349
2297 2388 2312 2417 ,
2351 2370 2449 2421 pro

284 2435 548 2488 diturum
564 2471 582 2500 ,
608 2431 651 2484 si
670 2430 767 2485 sibi
789 2429 927 2482 viam
963 2428 1028 2483 ad
1057 2428 1329 2501 Nymphas
1427 2434 1653 2498 speculi,
1693 2448 1830 2483 unus
1853 2427 2036 2483 Codex
2057 2449 2170 2484 non
2186 2430 2323 2483 made
2340 2435 2452 2503 cly-

283 2513 735 2566 demonstrarent
764 2547 779 2575 ,
819 2527 850 2561 a
890 2508 1075 2577 quibus
1106 2508 1286 2561 talaria
1311 2546 1327 2574 ,
1416 2514 1521 2575 pei.
1572 2509 1826 2563 Heinsius
1866 2510 2044 2563 mallet
2069 2551 2084 2575 ,
2124 2515 2295 2583 clypei
2322 2515 2451 2566 orbe.

288 2591 508 2661 galeam
531 2598 586 2641 et
608 2586 846 2663 parmam
870 2586 935 2640 ad
960 2585 1324 2641 debellandam

287 2668 589 2723 Medusam
602 2667 868 2737 acciperet.
884 2664 945 2719 Id
954 2663 1094 2733 quod
1107 2665 1325 2728 sartum

288 2745 674 2819 Apollodorus.
694 2744 862 2798 Aliter
886 2743 1259 2798 Eratosthenes
1276 2754 1332 2796 et

292 2824 674 2899 Hygim‘l’um
693 2822 918 2891 Patoeph.
939 2832 1127 2875 monet
1143 2860 1158 2889 ,
1184 2821 1328 2875 hunc

286 2904 519 2959 oculum
528 2902 684 2956 fuisse
695 2901 972 2954 hominem
986 2900 1325 2969 prudentem,

283 2980 658 3035 consiliarium
683 2978 998 3048 Gorgonum
1017 3016 1033 3043 ,
1060 2995 1219 3045 quem
1243 2995 1325 3029 ce·

283 3059 442 3130 perit
468 3096 484 3124 ,
531 3068 585 3111 et
623 3057 720 3110 vie
753 3057 851 3110 sibi
889 3054 1082 3108 ducem
1112 3050 1329 3125 elegerit

285 3140 548 3192 Perseus.
602 3135 862 3201 Gorgones
893 3141 1002 3185 tres
1032 3170 1048 3197 ,
1086 3129 1324 3196 sthene,

289 3214 543 3289 Euryale
563 3253 579 3281 ,
604 3212 846 3266 Medusa.
873 3211 960 3263 Ab
983 3209 1219 3263 Hesiodo
1243 3224 1329 3261 vo·

281 3305 497 3351 eantur
518 3296 741 3356 ἄκλητοι,
775 3290 1063 3343 inaccesso.
1090 3288 1150 3343 Id
1175 3288 1325 3357 quale

280 3377 360 3430 sit
374 3416 393 3437 ‚
424 3392 490 3426 ex
512 3371 563 3427 h.
589 3371 621 3424 Ι.
648 3370 811 3424 intell.
835 3380 890 3423 et
912 3368 1093 3439 procul
1112 3367 1330 3422 habita-

278 3454 437 3509 bam
452 3448 744 3504 secundum
759 3447 987 3517 AEschyi.
1005 3467 1032 3501 a
1047 3445 1331 3519 Phorcydi·

277 3533 417 3587 bus.
429 3531 648 3584 —.Sa.ta
662 3526 780 3581 alibi
802 3526 1107 3596 simpliciter
1114 3529 1330 3579 homn-

282 3616 374 3664 tae’ae
392 3651 410 3671 ,
447 3624 564 3677 qne
587 3616 762 3660 erecta
795 3604 1067 3671 eminent,
1095 3604 1188 3656 sed
1221 3604 1272 3657 h.
1297 3604 1332 3657 l.

279 3690 561 3742 borreum
589 3688 735 3737 siluis
751 3724 766 3746 ,
803 3682 940 3736 silvis
977 3681 1332 3736 eminentibus

281 3764 491 3820 obsita.
531 3760 714 3816 Nostri
751 3759 902 3829 Regii
935 3758 1134 3812 habent
1172 3777 1333 3813 aren-

278 3849 395 3903 mr.
411 3870 486 3883 -—
508 3844 730 3910 Tangere
746 3844 921 3893 domos
936 3881 948 3901 ,
970 3850 1245 3909 penetrare
1266 3838 1332 3892 ad

281 3944 412 3981 ets.
442 3922 537 3976 Illa
571 3923 680 3993 ipsa
702 3940 864 3981 sas-a,
902 3938 1131 3988 quorum
1154 3919 1334 3973 multis

278 4004 464 4059 mit-se
485 4004 661 4055 forsan
685 4002 868 4054 sormae
884 4039 899 4067 ,
928 4011 1129 4069 partem
1148 4000 1333 4053 sabulae

283 4083 577 4156 peperisse
602 4080 953 4136 videntur.⁴·—
978 4082 1257 4134 simulam
1280 4089 1335 4132 et

279 4164 352 4216 h.
383 4162 426 4213 Ι.
450 4160 701 4214 inservire
719 4159 1002 4230 periphrasi
1030 4169 1179 4230 putat
1191 4158 1337 4212 Dra-

281 4239 475 4295 kenb.
499 4237 564 4291 ad
584 4238 795 4305 Sinum,
813 4230 940 4305 XV,
965 4239 1029 4291 86
1047 4260 1060 4302 ;
1084 4239 1176 4293 sed
1191 4254 1334 4293 nunc

281 4319 380 4381 vis
410 4319 532 4388 ejus
554 4319 777 4388 vulgaris
799 4318 1092 4374 retinenda.

1425 2586 1584 2641 Mate.
1604 2587 1846 2656 Apollod.
1861 2592 2037 2652 βλίεων
2056 2595 2119 2648 εἰς
2143 2590 2321 2644 &ca-id«
2337 2600 2451 2658 χαλ·

1423 2679 1520 2722 κεν.
1547 2695 1614 2706 ·-
1639 2670 1981 2736 Repete-ussus
2017 2669 2179 2721 active
2202 2710 2217 2735 ‚
2256 2690 2448 2739 reper-

1422 2745 1640 2798 cutiens.
1670 2744 1806 2797 Vide
1827 2743 1892 2797 ad
1916 2746 1965 2799 X
1986 2784 2002 2810 ‚
2038 2749 2142 2812 184.
2168 2746 2321 2814 Opus
2342 2764 2446 2801 au·-

1427 2831 1533 2874 tem
1558 2830 1673 2873 erat
1688 2820 1784 2873 hac
1800 2822 2294 2891 circumspectione3
2324 2816 2450 2878 nam

1431 2900 1751 2969 quit-umque
1772 2898 2057 2952 Medusam
2083 2899 2450 2970 adsim-xerunt,

1427 2986 1595 3033 λαΐνεοι
1620 2983 1859 3039 “huit-te
1887 2982 2158 3040 ἔστῆκασινί
2186 2979 2450 3050 Orpheus.

1427 3058 1584 3127 Apud
1623 3057 1871 3113 eumdem
1893 3098 1908 3123 ‚
1948 3059 2169 3113 Perseus
2195 3078 2313 3113 eam
2334 3080 2444 3115 non

1426 3135 1785 3191 dormientem
1804 3175 1819 3204 ,
1843 3135 1935 3189 sed
1956 3136 2258 3206 vigilantem
2287 3157 2448 3192 aver-

1422 3234 1535 3268 sam
1575 3213 1790 3269 invadit.

1492 3294 1603 3362 784.
1630 3294 1891 3361 Ertputlrse
1903 3297 2061 3353 collo,
2095 3303 2156 3347 ut
2176 3292 2350 3355 ,valen
2369 3295 2445 3350 Fl.

1428 3368 1507 3422 VI
1529 3408 1544 3437 ,
1571 3370 1700 3443 619,
1731 3374 1900 3439 Caput
1914 3372 2445 3440 ενψιῚΑιιεΙὶίᾸ-Ῑείῐι-

1422 3448 1528 3502 sius
1550 3450 1878 3517 conjecturat
1902 3455 2187 3502 exsecuisse
2207 3450 2288 3502 vel
2304 3468 2447 3517 pm·—

1425 3535 1687 3595 secm'sse5
1725 3528 1815 3582 sed
1848 3529 2190 3583 Burmannus
2213 3528 2448 3582 defendit

1426 3606 1690 3674 vulgatam
1713 3645 1729 3674 ,
1778 3625 1939 3675 quam
1989 3605 2183 3659 habent
2224 3605 2447 3659 Codices

1427 3687 1593 3738 nostri
1621 3686 1789 3755 Regii.
1808 3713 1876 3726 -
1896 3684 2085 3753 Quum
2127 3696 2284 3756 caput
2307 3686 2443 3740 Me·-

1428 3767 1570 3822 dusae
1587 3787 1710 3822 ense
1727 3769 1912 3822 falcato
1937 3776 2281 3838 amputasset,
2309 3769 2446 3821 illico

1425 3846 1662 3916 prosiluit
1679 3852 1864 3914 perunit
1880 3844 2082 3914 sugat,
2115 3847 2276 3899 alatus
2295 3886 2310 3911 ,
2345 3848 2449 3897 Pe-

1423 3945 1607 3993 gasus,
1635 3925 1876 3993 etsmter
1898 3923 2194 3997 Chrysaor,
2228 3923 2449 3998 Geryo·-

1431 4004 1512 4056 nis
1544 4012 1706 4071 pater.
1743 4001 1976 4072 Apollod.
2002 4002 2162 4055 nimia
2192 4002 2445 4055 brevitate

1431 4081 1679 4134 obscurus
1704 4091 1797 4134 est.
1814 4085 2090 4145 —Cursus,
2110 4082 2211 4134 iter
2228 4081 2283 4134 in
2304 4100 2444 4149 aere,

1433 4160 1684 4212 vocabulo
1734 4179 1763 4212 a
1797 4160 2125 4230 navigatione
2172 4170 2363 4214 sumto.
2384 4187 2450 4199 -

1434 4236 1629 4292 'Verbis
1663 4259 1762 4291 non
1778 4237 1933 4305 falsa
1963 4240 2130 4309 tangit
2162 4241 2449 4293 vanitatem

1367 4349 1381 4364 ·
1434 4318 1921 4389 peregrinantium,
1958 4318 2045 4388 qui
2080 4319 2252 4373 solent
2298 4318 2465 4372 multa
