3217 5134
775 515 905 581 358

1332 514 1412 579 P.
1466 510 1820 581 OVIDII
1874 511 2073 580 NAS
2100 512 2354 583 ONIS

774 653 963 728 Atria
998 650 1465 754 complentur:
1500 678 1622 725 nec
1651 649 2052 751 coniugialia
2083 650 2256 726 festa

776 769 916 867 Qui
953 785 1180 855 canat,
1217 760 1318 842 est
1352 766 1643 853 clamor;
1680 766 1797 840 sed
1826 767 1946 868 qui
1980 766 2116 842 fera
2150 766 2418 841 nuntiet
2448 796 2626 842 arma
2661 799 2678 840 ε

770 887 984 986 Inque
1018 885 1401 986 repentinos
1436 884 1739 959 convivia
1775 910 1960 958 versa
1994 882 2322 958 tumultus
2862 905 2887 956 s

773 999 1193 1076 Adsimulare
1225 999 1395 1076 freto
1430 1000 1653 1101 possis
1678 1056 1697 1089 ‚
1735 998 1919 1101 quod
1953 1026 2121 1073 saeva
2151 998 2451 1099 quietum

770 1119 1143 1192 Ventorum
1175 1119 1394 1192 rabies
1426 1117 1625 1191 motis
1661 1112 2004 1219 exasperat
2034 1115 2256 1190 undis.

770 1233 1036 1309 Primus
1072 1236 1138 1308 in
1174 1236 1282 1309 his
1318 1234 1613 1309 Phineus
1634 1290 1653 1320 ‚
1689 1231 1852 1307 belli
1882 1232 2270 1307 temerarius
2303 1247 2570 1317 auctor,

770 1352 1155 1426 Fraxinearn
1187 1351 1494 1453 quatiens
1527 1368 1735 1425 aeratae
1771 1348 2069 1451 cuspidis
2102 1349 2406 1436 hastam3

778 1508 811 1539 «
851 1477 955 1547 En
978 1531 997 1561 ‚
1034 1475 1161 1560 ait,
1195 1503 1277 1547 en
1309 1475 1541 1549 adsum
1575 1491 1914 1575 praereptae
1948 1472 2256 1572 conjugis
2288 1470 2493 1545 ultor.
2841 1509 2886 1544 lo

780 1630 816 1662 »
856 1599 995 1671 Nec
1028 1597 1192 1671 mihi
1232 1615 1292 1672 te
1327 1624 1599 1697 pennae,
1637 1626 1759 1670 nec
1793 1595 2034 1671 salsum
2067 1622 2300 1670 versus
2334 1593 2402 1667 in
2438 1622 2676 1668 aurum

777 1754 812 1785 »
851 1720 1156 1820 Jupiter,
1194 1721 1496 1821 eripient.
1540 1755 1574 1785 n
1615 1721 1902 1796 Conanti
1934 1720 2197 1794 mittere
2231 1717 2579 1820 Cepheus„

772 1941 1120 1996 ciserantium.
1144 1941 1267 1995 Non
1302 1949 1414 1995 erat
1444 1938 1787 2013 hymenaeus,

773 2039 930 2089 quem
978 2021 1117 2072 festis
1157 2019 1393 2072 rantibus
1436 2030 1789 2088 personarent

775 2096 1793 2166 amiciantesores(X11,214sqqqet

774 2175 972 2228 Statius
994 2173 1136 2246 Sylv.
1164 2175 1253 2239 11,
1292 2191 1362 2241 κ,
1399 2173 1546 2243 87),
1573 2174 1667 2228 sed
1686 2174 1794 2228 cla-

774 2273 895 2305 rnor
926 2253 1169 2320 bellicus,
1206 2254 1403 2316 ἂλαλητο
1382 2279 1450 2320 ο,ς
1485 2273 1591 2324 quo
1622 2255 1795 2307 irrue-

773 2333 862 2385 bat
887 2332 1053 2384 turba.
1068 2333 1302 2389 -Fera,
1335 2342 1393 2383 ut
1417 2351 1577 2387 seva.
1621 2312 1816 2385 solent

772 2431 943 2469 arma.
978 2410 1190 2478 praelia,
1223 2408 1356 2463 bella
1380 2409 1497 2463 dici.
1523 2408 1805 2474 Drakenb

775 2488 837 2540 ad
868 2487 959 2541 Sil.
991 2486 1089 2552 IV,
1116 2488 1228 2557 357.

838 2567 886 2619 6.
908 2566 1385 2634 Adst'mularefrelo.
1404 2567 1668 2637 Expressit
1685 2569 1794 2622 Ho-

778 2664 973 2712 merus,
994 2645 1053 2699 Il.
1069 2644 1135 2713 B,
1160 2648 1276 2712 144:
1292 2652 1465 2707 Κινὴθη
1497 2644 1639 2714 σ”ἆγο
1621 2658 1716 2724 opib,
1734 2651 1796 2708 ὥς

775 2728 956 2791 κύματα
969 2727 1125 2798 μακρὰ
1144 2726 1389 2786 ,θαλάσσης
1401 2733 1496 2777 etc.
1523 2723 1632 2778 Sed
1649 2724 1795 2779 Schi-

776 2804 953 2857 rarhio
992 2804 1209 2871 locutio,
1251 2808 1556 2858 adsimulare
1585 2811 1790 2873 possit.

773 2883 983 2938 videtur
992 2884 1099 2937 vim
1113 2884 1515 2955 comparationis
1530 2885 1793 2955 frangere,

775 2972 829 3015 et
878 2962 1169 3032 prosaicum
1221 2962 1489 3033 quoddam
1536 2962 1793 3015 redolere.

777 3038 925 3093 Ferri
968 3049 1145 3092 tamen
1189 3051 1363 3110 potest
1396 3042 1451 3094 in
1488 3042 1574 3094 tali
1607 3061 1795 3094 narra-

777 3119 937 3173 tione.
953 3147 1020 3160 —-
1046 3119 1197 3171 Mare
1214 3120 1483 3189 eleganter
1506 3120 1698 3175 dicitur
1712 3140 1795 3174 as·

765 3202 961 3266 peruri.
995 3202 1309 3264 exasperari.
1353 3217 1517 3266 quum
1552 3218 1799 3253 commo—

776 3287 948 3343 vetur,
984 3275 1224 3328 fluctibus
1260 3277 1415 3331 motis
1441 3277 1696 3347 inaequale
1734 3279 1797 3334 fit

777 3365 830 3409 et
857 3350 1135 3423 hispidum.
1173 3352 1359 3407 Horat.
1395 3354 1448 3421 1,
1481 3353 1587 3408 Od.
1625 3372 1659 3407 v
1681 3396 1696 3421 ‚
1727 3377 1791 3426 7:

776 3450 956 3499 aspera
986 3433 1158 3499 Nigris
1186 3446 1389 3499 equom
1411 3436 1588 3486 venttzr.
1634 3432 1797 3487 Unde

775 3521 828 3564 et
851 3529 994 3564 nunc
1021 3523 1158 3563 unus
1188 3506 1322 3562 Cod.
1347 3512 1505 3579 nigris
1530 3513 1696 3561 undis.

842 3591 888 3643 8.
926 3590 1172 3650 Phineus,
1219 3588 1381 3651 frater
1428 3587 1511 3642 bic
1558 3587 1793 3658 Cephei;

775 3668 907 3722 alter
924 3668 987 3721 ab
1002 3666 1089 3720 illo
1105 3667 1197 3737 qui
1209 3668 1371 3721 oculis
1389 3666 1669 3722 mulctatus
1687 3669 1796 3721 Ar·-

778 3756 1031 3816 gonautas
1054 3745 1279 3815 bospitio
1303 3747 1502 3814 excepit
1527 3766 1540 3799 ε
1566 3744 1688 3799 huic
1715 3757 1798 3800 ta-

778 3846 901 3880 men
921 3824 1266 3879 Andromeda
1281 3824 1591 3895 desponsata
1603 3826 1793 3893 suerat,

778 3914 1061 3975 antequam
1084 3912 1203 3957 ceto
1228 3912 1592 3972 exponeretur.
1621 3904 1797 3955 Ed.—

774 3988 921 4039 Belli
936 3986 1227 4036 temerarius
1246 3987 1451 4041 auctam·
1480 3979 1614 4047 dux,
1642 3992 1795 4050 eaput

780 4064 935 4128 atque
978 4060 1223 4113 incentor
1259 4057 1414 4126 buius
1458 4076 1648 4129 pugnae
1683 4069 1796 4112 erat

774 4136 998 4187 Phineus
1014 4175 1027 4196 ,
1056 4134 1186 4187 dum
1202 4144 1516 4206 prereptam
1534 4134 1631 4188 sibi
1643 4153 1796 4203 spon·

777 4231 889 4266 sam
932 4212 1461 4270 inconsideratissime
1502 4214 1645 4268 dolet
1666 4255 1681 4283 ‚
1740 4226 1795 4270 et

780 4313 938 4363 quam
967 4313 1022 4349 se
1049 4296 1298 4364 accepisse
1333 4305 1485 4365 putat
1511 4295 1759 4362 injuriam
1776 4334 1791 4363 ,

1888 1937 2046 1991 armis
2084 1934 2454 1990 vindicandam
2490 1935 2773 1990 constituit.
2804 1936 2882 1988 Ed.

1953 2034 2003 2087 9.
2035 2016 2320 2068 Fmsiaeeas
2353 2017 2534 2067 hastas
2581 2013 2885 2068 bellatoribus

1889 2093 2019 2147 dant
2041 2105 2242 2164 poete,
2268 2094 2391 2163 quia
2419 2103 2472 2147 et
2498 2095 2731 2147 fraxinus
2751 2092 2886 2163 aptis-

1889 2173 2019 2227 sima
2051 2173 2241 2240 hastis,
2269 2183 2324 2226 et
2347 2172 2562 2226 Achillis
2589 2171 2734 2225 hasta
2756 2169 2886 2224 nobi-

1890 2250 2887 2315 litata.P1in.XV1,13.—AErataecqs-

1883 2335 2246 2398 p1‘d1’s.aerata
2270 2330 2500 2401 cuspide.
2524 2356 2597 2371 ·-
2625 2332 2826 2397 Qualem
2842 2336 2883 2380 et

1889 2412 2087 2463 νῶι-αντ
2102 2409 2331 2481 hastam,
2349 2420 2429 2463 est
2442 2409 2586 2477 ejus,
2607 2410 2696 2479 qui
2708 2405 2888 2461 autmi-

1891 2488 2090 2542 nitatur
2139 2489 2340 2558 jaetum
2362 2526 2378 2552 ‚
2435 2498 2528 2540 aut
2569 2487 2636 2541 ad
2677 2503 2887 2557 pugnam

1892 2577 2140 2636 provocat
2163 2566 2407 2621 alterum.

1965 2663 2041 2697 ιο.
2075 2647 2186 2707 En,
2213 2648 2321 2705 ait,
2347 2663 2425 2698 en.
2447 2644 2621 2712 Huius
2642 2638 2884 2712 particule

1893 2723 2240 2775 exclamative
2262 2722 2509 2792 repetitio
2545 2721 2707 2775 vivide
2730 2717 2890 2788 expri-

1893 2801 1993 2853 mit
2027 2801 2450 2870 indignationem
2481 2799 2686 2854 Phinei.
2720 2800 2889 2851 Ed.—

1891 2883 2160 2949 Praert'pere
2173 2923 2187 2941 ‚
2217 2892 2339 2935 ante
2363 2901 2550 2951 rapere
2567 2918 2583 2949 ,
2606 2878 2745 2951 quod
2762 2878 2890 2932 alteri

1891 2958 2195 3014 debebatur.
2208 2961 2298 3015 Sic
2310 2966 2582 3029 prectspem
2597 3000 2611 3022 ‚
2642 2959 2785 3029 Virg.
2795 2956 2889 3010 Ed.

1894 3038 1998 3105 Ill,
2016 3038 2354 3112 98.—Pemu's
2371 3049 2426 3093 et
2441 3042 2572 3092 love
2585 3050 2731 3109 patre
2745 3033 2892 3107 inpri-

1892 3113 1992 3167 mis
2013 3116 2344 3184 superbiebat
2370 3117 2595 3169 Perseus
2612 3155 2627 3181 ,
2651 3116 2750 3181 IV,
2772 3112 2890 3187 595-

1892 3193 2321 3267 (iffi—Falsum,
2337 3194 2394 3248 in
2407 3193 2549 3263 quod
2573 3196 2689 3263 quis
2702 3188 2891 3247 fallendi

1892 3291 2044 3327 causa
2067 3275 2268 3327 transit.
2294 3275 2360 3327 Et
2383 3277 2436 3328 in
2458 3275 2558 3328 tale
2583 3293 2772 3329 aurum
2788 3290 2893 3326 mu-

1893 3359 2029 3415 tatus
2049 3363 2162 3405 erat
2184 3353 2410 3422 Jupiter.
2437 3351 2546 3406 sed
2564 3351 2798 3406 Phineus
2808 3366 2894 3402 ne-

1893 3446 2014 3497 gare
2050 3448 2196 3483 nunc
2231 3430 2378 3498 vult,
2419 3430 2615 3483 Jovem
2653 3448 2762 3483 esse
2797 3427 2894 3493 eius

1891 3519 2110 3577 patrem.
2161 3511 2347 3580 ltaque
2394 3529 2557 3582 cape,
2597 3520 2660 3563 ut
2690 3511 2743 3578 1,
2783 3507 2892 3576 754,

1877 3587 2077 3655 salsum
2099 3594 2398 3657 genitorem,
2424 3599 2479 3642 et
2503 3589 2618 3654 lx,
2646 3591 2743 3654 24,
2766 3586 2816 3638 in
2834 3580 2895 3636 si-

1892 3666 2007 3721 mili
2030 3668 2428 3738 exprobratione
2446 3707 2462 3735 ,
2481 3627 2672 3737 fictnim
2699 3671 2896 3733 patre-

1890 3773 1958 3786 —-
1979 3748 2223 3814 Eripient.
2247 3746 2428 3800 Nostri
2469 3744 2695 3799 Codices
2731 3739 2895 3811 Regii,

1888 3832 2087 3894 eripiet.
2115 3826 2228 3880 sine
2247 3826 2463 3889 lineola;
2493 3845 2606 3879 non
2628 3817 2900 3893 rejicienda

1893 3902 2004 3958 haec
2028 3904 2183 3958 lectio
2201 3944 2217 3973 ,
2251 3924 2380 3958 nam
2404 3906 2542 3958 sorte
2575 3903 2730 3972 hujus
2753 3896 2899 3953 atatis

1890 3982 2227 4051 scriptoribus
2273 3982 2679 4037 convenientior
2715 3978 2805 4049 qui
2844 3991 2900 4026 ex

1892 4058 2096 4125 duobus
2132 4060 2217 4114 vel
2259 4061 2423 4114 tribus
2458 4058 2703 4128 subjectis
2737 4069 2896 4109 unum

1890 4138 2189 4209 proximum
2206 4139 2459 4210 eligerent
2484 4138 2548 4192 ad
2574 4135 2711 4208 quod
2731 4134 2898 4188 reser-

1893 4227 2040 4271 retur
2074 4218 2334 4271 Verbum.
2371 4220 2472 4271 Ed.
2499 4216 2815 4276 -Hillerm
2850 4217 2902 4262 ut

1889 4296 2076 4363 βάλλειν
2086 4335 2103 4363 ,
2140 4295 2390 4350 absolute.
