3217 5134
292 644 1822 842 METAMORPHOSEON
1901 737 2441 848 SERIES

1318 970 1436 1029 Ex

400 1170 511 1258 G.
585 1171 1081 1259 CANTERI
1141 1173 1487 1260 NOVIS
1551 1175 2326 1267 LECTIONIBUS

721 1414 1008 1484 NUNC
1072 1415 1421 1485 PAULO
1485 1418 2005 1515 Aucrlon.

290 1797 415 1902 LI
432 1845 499 1901 Β.
525 1827 582 1900 Ι.
621 1825 967 1928 Principio
999 1823 1210 1901 Chaos
1226 1826 1304 1901 in
1321 1826 1619 1902 elementa
1645 1845 1937 1930 quatuor
1964 1856 2003 1903 a
2025 1829 2172 1903 Deo
2195 1827 2435 1904 distin-

289 1953 551 2051 guitnr3
592 1951 847 2054 quibus
882 1980 1091 2053 quum
1121 1952 1230 2027 sui
1267 1952 1585 2028 darentur
1614 1953 1868 2041 ιἠεοῖαε,
1911 1953 2108 2027 etiam
2143 1953 2323 2027 hama
2355 1983 2437 2029 ex

287 2092 449 2151 terra
468 2093 537 2152 et
555 2103 722 2180 aqua
745 2093 1003 2150 creatus
1030 2092 1152 2150 est.
1183 2075 1457 2151 Secutae
1448 2094 1624 2152 sunt
1647 2092 1858 2152 oetates
1883 2076 2236 2151 hominum
2269 2106 2434 2179 qua·

290 2217 483 2289 tuor,
520 2200 595 2272 in
622 2227 902 2301 quarum
923 2217 1302 2301 postrema,
1330 2227 1538 2301 eaque
1572 2199 2038 2289 vitiosissima,
2077 2226 2284 2302 quum
2317 2201 2439 2275 Gi-

276 2339 534 2424 gantes,
572 2351 657 2398 ne
685 2322 880 2397 terris
911 2323 1212 2397 securior
1240 2340 1415 2398 esset
1446 2323 1692 2413 aether,
1726 2323 1980 2398 eaeleste
2014 2352 2295 2421 regnum
2318 2353 2438 2425 pe-

289 2463 544 2533 terent,
587 2474 668 2521 ex
704 2474 937 2520 eorum
961 2502 982 2536 ,
1021 2475 1061 2520 a
1091 2446 1261 2521 Jove
1294 2447 1900 2549 interemptorum,
1964 2448 2254 2549 sanguine
2285 2475 2440 2524 nova

289 2569 599 2646 homiuum
619 2596 903 2671 propaga
930 2586 1077 2645 orta
1109 2587 1232 2645 est.
1269 2570 1411 2668 Qui
1449 2600 1658 2673 quum
1689 2589 1757 2647 et
1786 2570 1918 2674 ipsi
1950 2588 2173 2646 essent
2197 2571 2387 2673 impii
2411 2627 2432 2659 ‚

286 2695 556 2796 Jupiter
598 2720 740 2768 non
781 2692 987 2767 modo
1035 2692 1383 2802 Lycaonem
1418 2694 1491 2768 in
1524 2695 1736 2795 lupum
1774 2710 1992 2769 mutat
2012 2750 2031 2782 ,
2068 2692 2186 2768 sed
2235 2723 2432 2771 omne

290 2845 498 2913 genus
530 2816 887 2894 hominum
922 2816 1440 2919 animaliumque
1473 2817 1886 2892 terrestrium
1911 2817 2139 2892 diluvia
2162 2816 2385 2919 perdit
2408 2874 2428 2907 ‚

285 2940 464 3016 unde
484 2937 617 3015 soli
637 2937 1112 3042 relinquuntur
1131 2941 1524 3042 superstites
1549 2940 1903 3016 Deucalion
1930 2957 1998 3015 et
2014 2938 2282 3048 ΙῇπΙια,
2312 2941 2433 3043 qui

287 3081 445 3165 post
467 3062 797 3139 redditam
818 3080 1066 3143 ,terram
1083 3120 1103 3153 ‚
1134 3063 1328 3164 jactis
1353 3080 1512 3166 post
1542 3080 1732 3159 terga
1749 3061 2074 3163 lapidibus,
2095 3062 2430 3139 humanum

286 3203 681 3289 repararunt
697 3215 912 3289 genus.
967 3184 1256 3288 Reliqua
1292 3186 1588 3260 aru'enab’a
1629 3203 1872 3289 sponte
1902 3213 2024 3261 sua
2057 3215 2137 3262 ex
2178 3185 2429 3262 humare

285 3328 355 3385 et
368 3310 574 3386 colom
595 3310 995 3413 prodierunt
1017 3341 1033 3384 ε
1054 3310 1129 3384 in
1156 3309 1407 3412 quibus
1431 3310 1631 3385 etiam
1656 3307 1869 3418 ΜΟ
1889 3338 2182 3412 serpens.
2207 3312 2430 3408 Quem

285 3462 497 3535 quum
522 3432 808 3509 Phoebus
836 3434 1311 3523 interemisset,
1340 3431 1602 3541 fflhaas
1625 3432 1805 3508 ludos
1823 3433 1899 3507 in
1920 3432 2019 3508 rei
2045 3432 2433 3508 memoriam

282 3557 605 3647 instituit,
623 3557 874 3660 quibus
898 3557 1182 3634 victores
1198 3555 1475 3634 aeseulea
1499 3584 1752 3631 corona
1772 3555 2229 3644 donabantur3
2255 3583 2432 3629 non-

280 3682 447 3758 dum
486 3683 669 3758 enim
696 3701 861 3759 erat
907 3684 1119 3759 lam-us
1140 3743 1161 3771 ,
1218 3683 1294 3756 in
1345 3710 1544 3785 quam
1589 3708 1750 3757 mox
1800 3678 2122 3783 Daphne,
2189 3680 2434 3756 Phoebi

268 3835 577 3915 amorem
629 3806 895 3904 fugiens
917 3863 936 3897 ,
987 3824 1091 3882 est
1144 3832 1479 3883 conversa.
1545 3804 1760 3903 Quod
1792 3832 2002 3907 quum
2043 3803 2390 3878 accidisset
2409 3858 2430 3892 ,

276 3947 430 4004 tum
461 3929 553 4004 ad
584 3947 842 4031 patrem
886 3930 1031 4030 ejus
1079 3931 1374 4006 Peneum
1425 3925 1705 4030 reliquis
1734 3926 1989 4016 fluviis,
2028 3926 2164 4001 sive
2198 3942 2434 4022 gratu·-

270 4054 501 4146 landi,
537 4055 677 4130 sive
712 4054 1109 4130 consolandi
1140 4055 1353 4152 gratia
1373 4112 1393 4146 ‚
1455 4054 1912 4152 congregatis,
1952 4050 2138 4127 solus
2170 4050 2433 4127 deside-

265 4196 469 4255 ratus
503 4197 613 4255 est
639 4179 922 4256 Inachus
944 4241 967 4270 ,
1014 4178 1347 4257 sollicitus
1380 4179 1462 4257 de
1510 4179 1672 4256 Ione
1710 4178 1881 4269 filia,
1922 4204 2120 4280 quam
2163 4176 2435 4277 Jupiter

263 4321 442 4403 post
471 4321 788 4406 stuprum
811 4304 889 4380 in
900 4307 1227 4409 juvencam
1265 4321 1654 4393 mutaverat.
1691 4305 1794 4379 Ea
1829 4329 2038 4405 quum
2075 4328 2117 4377 a
2151 4301 2434 4376 'Junone

471 4436 639 4509 III.
2101 4437 2141 4503 3
2287 4451 2291 4455 ’
