3217 5134
554 546 693 616 DE
756 545 1092 614 OPERE
1148 546 2217 641 METAMORPHOSssON.
2426 575 2473 641 9

489 690 655 750 Stant
686 687 920 749 immota
948 689 1109 773 genis
1135 710 1151 749 t
1184 688 1329 751 nihil
1359 700 1446 751 est
1472 688 1532 749 in
1560 689 1806 773 imagine
1835 689 1968 752 vivi.

488 796 622 876 lpsa
648 814 886 874 quoque
914 794 1155 855 interius
1183 817 1314 856 cum
1337 795 1486 857 duro
1512 793 1710 880 lingua
1736 795 1923 878 palato

487 899 774 988 Congelat
793 944 813 978 ,
840 912 901 961 et
920 922 1083 963 venae
1105 900 1388 962 desistunt
1410 922 1578 984 posse
1603 902 1841 964 moveri.

483 1007 610 1066 Nec
636 1005 786 1066 flecti
806 1006 994 1066 cervix
1014 1048 1033 1082 ,
1063 1027 1173 1067 nec
1198 1004 1426 1067 brachia
1449 1005 1688 1082 reddere
1709 1017 1904 1089 gestus
1922 1049 1943 1083 ,

487 1111 614 1172 Nec
647 1131 748 1193 pes
775 1110 861 1172 ire
886 1123 1098 1193 potest.

328 1278 465 1352 Nec
497 1276 631 1350 hoc
666 1275 849 1350 satis.
875 1319 950 1332 —
980 1278 1100 1366 IV,
1133 1275 1266 1350 551
1289 1333 1308 1366 ,
1339 1274 1566 1379 plures
1604 1276 1912 1352 mulieres
1948 1275 2146 1351 simul
2177 1276 2471 1352 eamdem

328 1428 576 1485 sortem
611 1410 965 1512 patiuntur
989 1440 1006 1484 ε

975 1575 992 1592 .
1015 1579 1032 1595 .
1097 1534 1432 1618 saltumque
1457 1534 1657 1598 datura
1683 1537 1904 1600 moveri

485 1640 658 1703 Haud
690 1662 934 1724 usquam
960 1642 1191 1725 potuit,
1219 1641 1578 1730 scopuloque
1607 1641 1780 1704 adfixa
1802 1642 2063 1705 cohaesit.

491 1747 690 1809 Altera
709 1791 728 1825 ,
755 1747 892 1809 dum
915 1747 1092 1811 solito
1115 1761 1296 1811 tentat
1321 1748 1595 1833 plangore
1618 1748 1785 1810 ferire

484 1854 755 1933 Pectora,
782 1865 1030 1916 tentatos
1059 1855 1233 1917 sentit
1258 1855 1498 1939 riguisse
1518 1855 1784 1918 lacertos.

490 1958 594 2020 Illa
613 2003 634 2034 ,
658 1980 860 2020 manus
889 1971 957 2049 ut
980 1960 1127 2021 forte
1158 1959 1474 2021 tetenderat
1499 1960 1560 2021 in
1587 1960 1757 2021 maris
1789 1958 1967 2021 undas
1982 2003 2002 2035 ‚

495 2066 667 2127 saxea
694 2064 837 2127 sacta
863 2087 1065 2127 manus
1092 2065 1152 2125 in
1179 2064 1401 2127 easdem
1427 2066 1679 2149 porrigit
1704 2066 1884 2126 undas
1902 2109 1924 2141 ‚

331 2253 398 2311 et
431 2261 577 2335 quae
602 2231 797 2334 plura
831 2249 1226 2334 sequuntur.
1257 2232 1389 2306 Hic
1420 2233 1859 2307 mutationem
1889 2229 2176 2328 generali
2202 2231 2473 2332 quidem

328 2368 607 2443 notione
643 2385 878 2470 quater
912 2366 1262 2468 exprimit,
1301 2367 1420 2441 sed
1451 2366 1720 2441 variatis
1754 2367 2005 2456 verbis»,
2041 2384 2109 2442 et
2143 2395 2470 2468 quamque

325 2501 670 2579 mulierem
705 2504 776 2577 in
810 2500 943 2577 alio
978 2521 1170 2599 gestu
1205 2501 1486 2578 sormam
1517 2531 1760 2577 novam
1786 2502 2079 2576 induisse
2111 2501 2325 2598 fingit.
2364 2500 2473 2575 Si-

326 2636 480 2711 mile
535 2636 926 2734 figmentum
972 2638 1171 2712 etiam
1206 2638 1279 2711 in
1311 2638 1515 2712 nautes
1566 2636 1903 2744 Tyrrhenis
1929 2695 1948 2723 ,
1999 2635 2472 2739 delphinorum

326 2789 634 2847 naturam
667 2773 1187 2876 accipientibus,
1224 2775 1364 2861 ΙΙΙ,
1415 2770 1550 2874 671
1574 2827 1593 2861 ,
1630 2772 2038 2874 reperimus;
2093 2797 2470 2872 quanquam

328 2904 425 2979 ibi
460 2924 531 2981 et
560 2908 631 2982 in
666 2907 954 3005 singulis
989 2906 1132 2983 aliae
1168 2906 1473 3009 delphini
1503 2922 1728 3010 partes
1771 2923 2225 2993 memorantur
2256 2935 2275 2979 ε

737 3137 754 3155 .
776 3138 794 3155 .
819 3136 836 3152 .
888 3094 1231 3176 Primusque
1258 3092 1477 3154 Medon
1506 3092 1829 3181 nigrescere
1862 3095 2053 3178 pinnis

495 3198 764 3284 Corpore
793 3202 1065 3284 deprcsso
1081 3245 1101 3279 ,
1128 3213 1189 3261 et
1213 3199 1393 3282 spinae
1418 3200 1742 3263 curvamina
1762 3201 1911 3264 flecti

454 3394 461 3403 ι
496 3310 711 3393 Incipit
739 3333 756 3369 ι
790 3310 928 3372 huic
950 3308 1232 3393 Lycabas,
1266 3308 1330 3368 in
1358 3329 1489 3389 quae
1520 3309 1791 3372 miracula
1815 3356 1834 3390 ,
1866 3312 2040 3391 dixit,

495 3414 789 3476 Verteris?
816 3427 877 3476 et
901 3414 998 3475 lati
1020 3414 1199 3475 rictus
1224 3426 1283 3475 et
1310 3410 1494 3495 panda
1521 3413 1790 3497 loquenti

493 3524 666 3585 Nan‘s
694 3536 844 3600 erat,
872 3544 1275 3608 squamamque
1300 3526 1447 3589 cutis
1472 3528 1670 3588 durata
1697 3524 1972 3586 traheba.

498 3628 584 3688 At
611 3624 815 3709 Libys,
843 3626 1133 3689 obstantes
1158 3628 1294 3689 dum
1314 3629 1440 3691 vult
1471 3628 1773 3690 obvertere
1800 3647 1990 3688 remos
2012 3671 2033 3706 ,

497 3734 571 3794 ln
603 3734 847 3817 spatium
874 3733 1091 3794 resilire
1113 3755 1312 3796 manus
1340 3734 1514 3797 breve
1539 3733 1684 3797 vidit
1701 3777 1720 3811 ,
1755 3745 1815 3795 et
1845 3731 1967 3794 illas

494 3837 624 3897 Jam
654 3858 773 3898 non
804 3858 926 3898 esse
947 3858 1147 3904 manus
1166 3882 1185 3917 ,
1214 3840 1324 3922 jam
1355 3838 1557 3920 pinnas
1584 3857 1757 3920 posse
1787 3836 2016 3914 vocari,
2053 3848 2166 3899 etc.

331 4009 468 4082 Eas
497 4021 719 4108 partes
752 4006 812 4079 si
845 4006 1228 4106 componis,
1265 4007 1525 4103 integer
1569 4004 1709 4082 fere
1768 4005 2127 4108 delphinus
2175 4004 2475 4085 efficitur.

334 4140 611 4229 Similia,
633 4143 722 4230 Π,
745 4138 909 4235 346,
942 4140 1021 4216 de
1043 4140 1486 4215 Phaethontis
1508 4141 1853 4215 sororibus
1876 4141 1948 4214 in
1980 4142 2253 4218 arbores
2274 4161 2479 4220 trans·

335 4275 655 4350 euntibus
675 4273 1011 4373 leguntur,
1041 4304 1208 4377 quas
1232 4277 1526 4379 primum
1557 4275 1864 4373 singulas
1894 4277 2218 4370 ostendit,
2246 4277 2484 4355 deinde
