3217 5134
607 499 1628 569 METAMORPHOSEON
1675 501 1872 568 LlB.
1925 501 2067 571 IV.

2281 526 2416 596 299

277 676 316 711 »ι
358 637 568 739 Quod
606 637 799 731 datus
833 655 936 713 est
967 639 1187 713 verbis
1223 638 1306 713 ad
1338 641 1579 715 amicas
1614 641 1935 717 transitus
1964 670 2177 718 aures.
2226 677 2263 709 ³>

270 758 463 834 Talia
499 756 754 830 diversa
779 756 1224 858 nequicquam
1256 755 1409 832 sede
1444 755 1712 858 loquuti
1735 814 1757 847 ‚

273 874 417 948 Sub
452 890 722 947 noctem
755 871 1014 961 dixere,
1051 872 1254 963 Vale;
1294 873 1603 975 partique
1639 874 1877 951 dedere

274 989 530 1070 Oscula
562 989 846 1091 quisque
881 1016 1055 1080 suae,
1091 1018 1229 1065 non
1262 990 1713 1092 pervenientia
1751 1009 2005 1066 contra.
2347 1016 2415 1068 so

369 1107 651 1180 Postera
681 1122 1052 1183 nocturnos
1089 1108 1352 1182 Aurora
1379 1127 1749 1183 removerat
1775 1109 1965 1205 ignes
1985 1164 2005 1198 ,

272 1222 526 1325 Solque
556 1223 912 1323 pruinosas
943 1223 1147 1301 radiis
1184 1225 1538 1331 siccaverat
1565 1224 1809 1301 herbas
1840 1254 1858 1315 3

270 1340 384 1415 Ad
418 1339 691 1415 solitum
726 1340 938 1416 coiere
975 1341 1196 1417 locum
1225 1372 1242 1415 ε
1283 1357 1426 1421 tum
1449 1370 1787 1417 murmure
1821 1368 2027 1443 parvo

271 1457 498 1532 Multa
529 1458 717 1559 prius
750 1457 968 1559 questi
989 1515 1009 1547 ‚
1049 1476 1394 1548 statuunt,
1425 1478 1503 1534 ut
1532 1477 1731 1534 nocte
1760 1457 1984 1535 silenti

266 1572 522 1649 Fallere
559 1575 900 1665 custodes,
934 1576 1326 1680 foribusque
1361 1577 1670 1653 excedere
1706 1593 2008 1664 tentent3
2349 1594 2417 1648 85

268 1692 635 1791 Quumque
657 1691 859 1767 domo
878 1691 1180 1784 exierint,
1192 1694 1677 1798 urbisquoque
1703 1695 1991 1771 claustra
2003 1692 2413 1795 relinquant:

263 1808 452 1881 Neve
486 1807 574 1882 sit
607 1807 958 1885 errandum
991 1809 1129 1886 lato
1162 1811 1613 1912 spatiantibus
1648 1841 1805 1886 arvo
1828 1867 1848 1899 ,

267 1924 692 2013 Conveniant
725 1925 811 1999 ad
845 1927 1050 2001 busta
1083 1926 1277 2016 Nini,
1315 1926 1692 2028 lateantque
1727 1927 1855 2001 sub
1883 1926 2127 2000 umbra

262 2039 557 2114 Arboris
585 2071 600 2114 ε
631 2042 833 2115 arbor
864 2042 959 2115 ibi
980 2099 1000 2131 ‚
1036 2043 1247 2117 niveis
1276 2044 1617 2117 uberrima
1649 2041 1912 2143 pomis,

263 2153 500 2231 Ardua
534 2186 799 2244 morus,
840 2176 1018 2247 erat,
1053 2158 1278 2255 gelido
1313 2159 1728 2235 contermina
1761 2156 1958 2232 fonti.
2348 2190 2417 2245 9⁰

264 2274 473 2348 Pacta
508 2273 817 2375 placent;
849 2292 918 2349 et
945 2273 1064 2349 lux
1085 2332 1104 2364 ‚
1135 2274 1320 2350 tarde
1356 2274 1669 2349 decedere
1702 2274 1844 2347 visa

333 2481 414 2551 78.
436 2481 605 2533 trades.
630 2478 799 2532 Locus
817 2517 834 2547 ,
870 2478 958 2533 ubi
980 2480 1204 2534 stabant.
1224 2507 1290 2522 —-

262 2559 488 2610 Diversa
505 2597 520 2621 ,
564 2557 816 2627 opposita.
848 2584 915 2598 —
947 2559 1287 2626 Nequicquam

263 2637 497 2707 pertinet
508 2635 574 2689 ad
585 2647 770 2690 votum
784 2635 911 2691 illud
928 2676 944 2706 ,
970 2648 1030 2692 ut
1044 2638 1193 2692 latius
1207 2657 1292 2708 pa·

262 2718 367 2771 ries
389 2721 830 2787 pateret—Pars,
849 2738 1042 2788 nempe
1063 2718 1289 2789 parietis.

325 2797 408 2846 81.
434 2795 648 2847 Postera
671 2802 941 2848 nocturnos
959 2796 1165 2849 Aumra
1189 2805 1287 2849 etc·

264 2871 355 2926 Sic
374 2872 509 2925 libro
527 2870 671 2939 VII,
705 2891 800 2925 roo
815 2913 832 2942 ,
851 2876 1063 2926 Postera
1084 2875 1293 2939 depule-

261 2957 349 3003 ra!
365 2954 549 3003 stellas
569 2954 770 3006 Aumra
789 2957 1049 3005 metantes.
1068 2951 1173 3004 Hic
1190 2949 1289 3004 ele-

263 3051 364 3100 gan
372 3032 474 3084 tior
494 3040 762 3087 nocturnos
776 3038 925 3100 ignes
937 3073 951 3095 ‚
985 3050 1111 3085 nam
1129 3029 1290 3085 stellae

261 3121 388 3164 sunt
408 3109 518 3163 cali
540 3110 691 3165 faces.
708 3112 810 3167 Ed.
833 3138 902 3153 ·-
922 3111 1092 3163 Coiere
1109 3113 1287 3163 locum.

267 3186 455 3241 Codex
488 3187 686 3258 Regius
719 3189 768 3242 B
793 3228 810 3257 ,
859 3206 1048 3242 unem-
1087 3186 1286 3240 Forsan

262 3265 483 3320 dulcius.
506 3269 607 3319 Ed.
630 3294 697 3307 -
724 3268 995 3329 Custodes,
1023 3265 1290 3335 janitores.

257 3370 328 3384 —
349 3346 655 3416 Foribusque
668 3348 907 3398 excedere
927 3350 1128 3398 lenient.
1151 3343 1292 3398 Bur-

260 3442 498 3477 mannus
534 3423 682 3477 malit
702 3424 1004 3492 foribusque
1032 3428 1170 3477 exire
1184 3444 1292 3492 pa-

258 3508 451 3565 lemis,
492 3503 612 3572 quia
649 3522 785 3556 unus
811 3501 1023 3556 Tbuani
1049 3506 1200 3556 exire.
1221 3528 1289 3542 -

256 3580 448 3634 Nostri
474 3579 624 3651 Regii
646 3580 842 3634 habent
868 3579 1145 3650 vulgatam.

326 3660 409 3713 86.
455 3661 608 3713 Urbis
628 3665 855 3714 claustra
885 3679 948 3713 ex
970 3677 1082 3712 uno
1103 3657 1289 3712 Bono-

259 3737 440 3792 niensi
471 3737 616 3792 dedit
642 3738 983 3792 Burmannus
1009 3755 1109 3807 pro
1139 3742 1298 3809 tecla„

257 3816 522 3870 Heinsius
538 3816 865 3885 coniecturat
881 3822 1021 3883 septa
1043 3821 1291 3883 exporta-

252 3913 370 3946 ruat
389 3912 537 3962 sepe,
561 3895 722 3949 Trist.
748 3896 831 3950 lv
848 3934 865 3963 ,
892 3908 914 3947 1
932 3934 949 3962 ,
975 3897 1055 3949 81.
1085 3891 1289 3947 Etiam-

255 3972 302 4024 si
331 3971 501 4025 nostri
525 3972 678 4043 Regii
708 3972 939 4026 habeant
960 3978 1122 4036 lecta,
1156 3989 1290 4025 con-

257 4050 522 4105 sentimus
555 4063 733 4105 tamen
761 4051 1076 4105 Burmanno
1101 4073 1117 4118 ;
1162 4069 1289 4103 nam

260 4137 400 4182 tecla
435 4129 501 4184 de
525 4129 769 4185 domibus
785 4174 801 4199 ‚
836 4149 950 4185 non
974 4128 1040 4183 de
1074 4128 1289 4184 urbibus

261 4226 382 4276 quae
406 4208 595 4263 dausae
623 4228 735 4263 non
761 4220 909 4265 tectae
941 4218 1082 4263 sunt.
1123 4206 1289 4276 Quod

257 4284 325 4339 ad
356 4294 532 4355 septa,
571 4288 739 4343 rarius
771 4298 850 4344 est
869 4310 884 4357 ;
905 4300 960 4343 at
985 4287 1290 4343 Lucretius:

1387 2485 1579 2533 nature
1619 2485 1879 2546 portarum
1931 2480 2160 2533 claustra
2203 2486 2257 2531 et
2301 2481 2417 2530 vile

1386 2562 1615 2613 claustra
1638 2576 1658 2624 ‚·
1718 2558 1992 2612 Juvenalis
2026 2557 2199 2632 Satyr.
2232 2558 2372 2613 VIII
2397 2597 2413 2625 ,

1388 2642 1894 2703 Iaxamatporlarum
1907 2640 2133 2693 claustra
2145 2654 2165 2703 ,·
2190 2635 2387 2691 Statius
2397 2676 2416 2703 ,

1388 2714 1689 2769 Thebaidos
1704 2715 1756 2768 X
1772 2754 1788 2782 ,
1812 2715 1939 2783 644,
1967 2717 2245 2769 Thebarum
2260 2719 2412 2779 ,alau-

1386 2800 1508 2846 stra.
1531 2793 1679 2847 Infra
1699 2791 1871 2858 VIII,
1899 2811 1988 2863 70,
2005 2800 2265 2862 portarum
2280 2797 2416 2847 clau-

1383 2877 1509 2924 stra.
1552 2869 1653 2924 Ed.
1692 2898 1760 2909 —
1795 2870 2013 2922 Buslum
2028 2911 2044 2933 ,
2079 2870 2407 2940 sepulcrum.

1388 2960 1809 3005 monumentum
1848 2948 2135 3019 sepulcrale
2161 2988 2179 3017 ‚
2232 2954 2417 3019 rupen.

1389 3030 1479 3085 Sic
1516 3034 1715 3083 bustum
1751 3030 2100 3096 Sardanapali
2116 3069 2134 3092 ‚
2185 3030 2412 3095 Catulli,

1389 3109 1616 3164 aliorum
1641 3108 1782 3180 apud
1811 3107 1926 3164 Cic.
1962 3108 2183 3181 Proprie
2215 3112 2415 3185 bustum

1387 3188 1532 3243 locus
1547 3229 1564 3257 ,
1583 3187 1639 3241 in
1660 3206 1767 3258 quo
1778 3186 2001 3243 cadaver
2011 3188 2349 3243 combustum
2358 3197 2416 3245 et

1385 3265 1687 3335 sepultum;
1715 3264 1834 3319 vide
1862 3264 2106 3320 Kirchm.
2134 3264 2198 3319 de
2226 3265 2413 3320 Fune-

1384 3342 1531 3399 ribus
1558 3344 1786 3401 Roman.
1807 3344 1895 3399 lib.
1916 3344 2033 3413 111,
2061 3364 2173 3416 cap.
2200 3345 2225 3399 1
2244 3384 2263 3415 ‚
2294 3343 2412 3397 init.

1386 3423 1564 3477 Miror
1597 3434 1778 3480 tamen
1818 3444 1848 3478 a
1885 3425 2083 3479 Nostro
2128 3427 2279 3477 busta
2328 3422 2416 3476 bic

1384 3514 1802 3557 commemorata
1815 3543 1832 3570 ,
1852 3522 2018 3572 quum
2034 3496 2224 3559 Romae
2237 3518 2412 3553 mere-

1383 3579 1539 3635 trices
1569 3583 1680 3635 sere
1717 3579 1785 3635 ad
1821 3581 1971 3634 busta
1998 3596 2410 3635 commoraren-

1385 3669 1474 3713 tur
1488 3699 1504 3727 ,
1529 3660 1673 3714 unde
1698 3664 1966 3714 bustuario
1987 3661 2201 3715 maecbae.

1452 3740 1533 3813 89.
1565 3741 1830 3793 Uberrima
1851 3738 1998 3794 dedit
2027 3739 2313 3805 Heinsius3
2339 3740 2411 3795 sic

1385 3826 1440 3871 et
1454 3817 1623 3871 nostri
1648 3817 1820 3888 Regii.
1836 3817 1997 3872 Liber
2010 3818 2233 3888 scriptus
2249 3818 2411 3873 Bers-

1385 3897 1569 3950 manni
1597 3936 1616 3965 ,
1665 3895 1852 3952 tertius
1890 3894 2264 3952 Gronovianus
2289 3935 2306 3965 ,
2355 3906 2413 3951 et

1385 3973 1816 4028 Zulichemianus
1839 4014 1857 4042 ,
1890 3979 2247 4039 celeberriuu5
2288 3985 2409 4028 ter-

1384 4052 1488 4107 tius
1498 4050 1794 4121 Mediceus,
1810 4053 2212 4118 creberria1a;III
2223 4051 2413 4107 Amor.

1384 4149 1442 4200 v,
1457 4132 1488 4185 3
1503 4171 1518 4199 ,
1537 4135 1884 4186 celeberrimus
1893 4135 2012 4185 ilice
2025 4134 2186 4185 lucus.
2199 4133 2411 4186 -Fbus

1383 4210 1471 4265 hie
1493 4221 1823 4265 memoratur
1846 4221 2065 4282 propter
2093 4229 2306 4266 versum
2329 4214 2409 4283 98.

1451 4311 1534 4364 9¹·
1543 4290 1665 4346 Lus·
1674 4309 1773 4364 pro
1781 4289 1906 4347 sole.
1919 4319 1987 4332 -
1995 4291 2266 4350 Decedeoe.
2279 4289 2408 4346 Nos·
