3217 5134
751 550 828 633 14
1512 548 2091 616 PRAEFATIO

734 688 865 762 tori
899 706 1230 776 crearent,
1278 688 1725 789 pugnantium
1775 689 2058 789 patriam
2081 744 2099 775 ,
2151 687 2501 776 habitum,
2541 706 2827 763 conatus
2858 745 2878 777 ,

737 821 1037 910 vulnera,
1074 838 1323 896 mortes
1366 821 1648 897 maxima
1695 821 2007 896 varietate
2058 821 2574 922 descripserunt.
2635 820 2884 896 Noster
2933 894 2945 904 ,

741 954 969 1051 igitur,
997 982 1205 1055 quum
1234 955 1515 1029 Perseus
1542 973 1610 1027 et
1634 954 1937 1030 Theseus
1965 954 2050 1028 ab
2075 984 2155 1028 eo
2180 952 2603 1056 producendi
2628 971 2882 1041 essent,

747 1116 1035 1189 quornm
1057 1087 1268 1161 virtus
1291 1089 1488 1162 etiam
1512 1088 1584 1160 in
1609 1087 1859 1189 praeliis
1890 1088 2248 1175 enituerat,
2273 1116 2396 1162 nec
2416 1088 2554 1161 haec
2576 1086 2660 1160 ab
2684 1115 2884 1187 opere

745 1249 874 1295 suo
894 1222 959 1291 V
981 1237 1050 1294 et
1068 1221 1203 1294 XII
1230 1219 1460 1294 abesse
1484 1217 1722 1308 voluit,
1745 1248 1986 1322 easque
2005 1220 2487 1323 descriptiones
2510 1248 2654 1293 non
2677 1219 2887 1293 modo

740 1351 813 1424 in
843 1350 1154 1425 universa
1182 1348 1627 1425 delineatione
1645 1407 1664 1438 ,
1699 1351 1813 1425 sed
1848 1353 2044 1427 etiam
2071 1353 2144 1425 in
2175 1353 2576 1455 quibusdam
2595 1351 2888 1427 bellato-

742 1485 931 1560 ribus
964 1483 1281 1559 notandis
1303 1482 1387 1557 ad
1413 1482 1712 1584 exempla
1739 1483 1852 1558 illa
1876 1486 2294 1587 composuit3
2330 1483 2755 1587 eamdemque
2781 1514 2890 1560 ra-

748 1618 998 1690 tionem
1032 1617 1232 1691 etiam
1263 1616 1333 1689 in
1367 1616 1509 1717 apri
1546 1616 1898 1718 Calyqdonii
1929 1617 2279 1691 venatione
2307 1635 2574 1692 secutus
2602 1637 2723 1693 est.
2754 1620 2888 1693 Ce-

751 1749 1138 1826 lebrabatur
1165 1751 1464 1824 omnium
1499 1779 1804 1825 sermone
1841 1748 2148 1826 sublimis
2186 1749 2297 1826 ille
2340 1752 2620 1826 Homeri
2659 1751 2884 1841 locus,

748 1915 885 1987 quo
909 1885 1180 1987 Jupiter
1194 1912 1521 1959 concusso
1550 1884 1767 1985 capite
1788 1882 2154 1985 Olympum
2179 1903 2437 1959 movet:
2459 1882 2655 1961 talem
2683 1885 2892 1981 igitur

746 2022 983 2094 Jovem
1023 2036 1090 2094 et
1135 2019 1281 2121 ipse
1314 2017 1600 2091 induxit.
1647 2017 1865 2091 Pestis
1900 2016 2419 2118 descriptiones,
2468 2047 2665 2119 quas,
2701 2018 2891 2092 Thu·

751 2151 983 2253 cydide
1015 2168 1349 2253 praeeunte
1372 2208 1391 2238 ,
1428 2150 1781 2259 Lucretius
1807 2168 2005 2252 atque
2030 2148 2357 2245 Virgilius
2391 2149 2744 2241 dederant,
2775 2181 2894 2226 cu—

753 2283 909 2384 pide
959 2282 1043 2356 ab
1080 2282 1394 2357 omnibus
1424 2281 1855 2377 legebantur3
1890 2279 2092 2355 simili
2123 2282 2332 2377 igitur
2360 2281 2550 2372 loco,
2587 2301 2894 2359 auctores

750 2414 909 2488 illos
945 2412 1266 2508 effingens
1286 2469 1305 2500 ,
1353 2440 1548 2485 suum
1596 2440 1866 2513 quoque
1921 2440 2093 2513 opus
2131 2415 2408 2488 ornavit.
2471 2417 2706 2517 Neque
2738 2416 2892 2491 inde

753 2544 1240 2647 Polyphemum
1288 2543 1518 2617 abesse
1564 2542 1810 2631 voluit,
1848 2543 1933 2619 ab
1972 2546 2265 2621 Homero
2309 2564 2376 2621 et
2403 2547 2691 2644 Virgilio
2727 2547 2895 2623 locis

755 2677 1135 2773 insignibus
1161 2692 1485 2750 notatum.
1516 2675 1838 2751 Similiter
1867 2676 1939 2750 in
1969 2678 2245 2774 magicis
2271 2680 2473 2755 rebus
2507 2681 2894 2756 enarrandis

757 2810 1112 2885 Horatium
1132 2866 1151 2897 ,
1179 2807 1570 2904 Virgilium,
1605 2826 1674 2882 et
1695 2808 2075 2900 Tibullum,
2110 2811 2182 2884 in
2207 2814 2405 2888 variis
2433 2814 2739 2888 aetatibus
2766 2814 2896 2888 hos

757 2944 931 3018 duos
958 2960 1365 3045 postremoS,
1394 2959 1462 3017 et
1488 2942 1860 3017 Hesiodum
1890 2944 2203 3046 respexit.
2236 2946 2348 3020 Ad
2372 2947 2634 3042 Virgilii
2661 2966 2897 3021 aucto-

758 3078 1019 3151 ritatem
1059 3076 1252 3149 etiam
1299 3074 1559 3177 Orphei
1590 3104 1670 3150 ex
1708 3076 2035 3178 Eurydice
2067 3076 2319 3153 luctum
2342 3136 2360 3169 ‚
2405 3080 2698 3154 Junonis
2735 3080 2910 3154 soli--

762 3205 1028 3309 loquia,
1078 3224 1146 3280 et
1178 3206 1564 3280 descensum
1599 3224 1732 3281 tam
1765 3208 1849 3281 ad
1880 3209 2063 3282 Deos
2088 3211 2411 3298 marinos,
2449 3240 2646 3312 quam
2680 3211 2764 3285 ad
2792 3211 2897 3284 in-

760 3337 959 3426 feros,
994 3337 1356 3412 inferorum
1372 3338 1673 3440 ipsorum
1701 3319 2227 3427 delineationem,
2252 3342 2546 3417 Dearum
2575 3343 2897 3418 transfor-

759 3471 1119 3559 mationes,
1148 3471 1398 3571 quibus
1421 3470 1692 3546 fallendi
1720 3500 1912 3547 causa
1934 3470 2173 3546 anilem
2189 3471 2469 3550 sormam
2496 3493 2894 3564 sumserant‚

760 3601 1117 3678 fulminum
1148 3603 1335 3678 Jovis
1372 3606 1962 3706 compositionem,
1994 3604 2176 3679 canis
2222 3608 2504 3681 venatici
2557 3608 2627 3680 in
2671 3607 2898 3708 lepore

763 3737 1226 3841 persequendo
1253 3739 1698 3829 velocitatem,
1735 3741 1980 3816 multas
2005 3739 2476 3818 similitudines
2502 3743 2900 3819 sententias-

760 3900 888 3973 que
931 3872 1325 3973 composuit.
1366 3873 1446 3945 In
1478 3870 1729 3945 diluvio
1758 3872 2220 3948 Deucalioneo·
2240 3874 2446 3948 lineas
2474 3874 2792 3975 quasdam
2820 3906 2898 3951 ex

766 4008 1053 4082 Horatio
1081 4006 1271 4081 duxit
1290 4062 1307 4096 ,
1330 4006 1767 4107 eumdemque
1795 4005 2080 4097 effinxit,
2112 4038 2318 4110 quum
2342 4008 2475 4082 vim
2506 4026 2739 4085 cantus
2768 4012 2903 4085 Or-

764 4136 950 4238 phici
982 4138 1162 4239 apud
1194 4138 1443 4212 inferos
1478 4137 1768 4212 referret.
1809 4139 1985 4213 Sunt
2014 4159 2083 4215 et
2107 4140 2233 4214 alia
2267 4138 2444 4229 loca,
2478 4141 2552 4214 in
2591 4141 2839 4243 quibus
2866 4171 2902 4216 a

766 4271 1076 4345 Lucretio
1126 4287 1323 4370 atque
1367 4267 1645 4343 Tibullo
1693 4271 2033 4371 pependit.
2093 4276 2173 4346 In
2225 4273 2509 4348 carmine
2550 4274 2900 4374 pastoritio
