3217 5134
534 547 663 614 DE
729 544 1069 612 OPERE
1126 541 2205 620 METAMORPHOSEON.
2377 566 2443 608 11

469 688 636 749 Parte
665 686 754 747 sui
786 686 1021 747 meliore
1046 686 1233 773 viget,
1262 686 1559 770 majorque
1591 686 1773 747 videri

473 791 702 875 Coepit,
729 804 790 853 et
811 805 1047 875 augusta
1077 792 1201 854 fieri
1224 793 1497 878 gravitate
1523 792 1826 855 verendus.

312 948 439 1024 His
474 948 688 1044 igitur
717 966 783 1022 et
820 947 1068 1023 talibus
1109 948 1452 1045 ingenium
1492 949 1654 1023 satis
1682 949 2060 1023 ostentavit.
2107 948 2328 1055 &vica
2359 966 2456 1023 ta-

314 1113 501 1171 men,
529 1083 602 1156 in
619 1113 819 1185 quam
847 1083 1104 1191 &neus
1128 1100 1450 1171 mutatus,
1474 1111 1617 1157 non
1642 1082 2025 1193 descripsin
2045 1110 2261 1189 neque
2286 1082 2453 1166 cirin,

317 1215 506 1315 cujus
521 1214 805 1289 sormam
824 1213 1048 1316 Scylla
1064 1214 1421 1303 adsumsit3
1454 1242 1836 1317 quanquam
1860 1213 1976 1289 illa
1993 1213 2131 1288 fera
2152 1212 2426 1288 maculis
2439 1269 2458 1303 ‚

316 1349 453 1423 haec
500 1348 641 1447 avis
687 1346 1190 1449 pulchritudine
1225 1347 1513 1443 insignis
1557 1378 1573 1422 ε
1620 1376 1743 1421 nec
1779 1375 1929 1422 aves
1965 1348 2126 1420 satis
2168 1345 2464 1433 notavit,

316 1508 601 1582 quarum
629 1478 911 1575 figuram
947 1479 1182 1555 Letoia
1215 1478 1542 1580 Meleagri
1576 1478 1926 1555 sororibus
1962 1477 2165 1553 dedit.

417 1617 672 1689 Verum
700 1613 1320 1689 transformationes
1341 1615 1536 1716 ipsae,
1559 1612 1715 1688 licet
1731 1613 1886 1689 inde
1908 1641 2169 1689 carmen
2195 1613 2471 1715 inscrip‹

324 1764 464 1819 tum
500 1747 631 1835 sit,
678 1746 1024 1821 minimam
1057 1746 1201 1846 ejus
1234 1764 1492 1848 partem
1526 1747 1968 1822 constituunt.
2031 1748 2130 1820 Ut
2172 1743 2466 1847 amplum

322 1877 626 1979 prodiret
650 1906 859 1981 opus,
896 1898 1031 1955 tam
1064 1906 1141 1973 ea
1173 1897 1371 1982 poeta
1404 1881 1673 1982 copiose
1701 1897 2089 1982 persecutus
2119 1895 2252 1967 est,
2287 1877 2466 1952 unde

324 2012 894 2114 metamorphoses
938 2012 1265 2114 pendent,
1304 2042 1503 2114 quam
1539 2011 1668 2087 alia
1709 2011 2061 2086 admiscuit
2105 2040 2141 2084 a
2186 2009 2468 2085 consilio

324 2175 457 2220 non
489 2146 725 2221 aliena.
775 2146 1221 2221 Phaethontis
1254 2145 1391 2220 fata
1421 2143 1676 2219 nullam
1708 2144 1960 2218 habent
1993 2143 2223 2217 formae
2254 2160 2470 2217 muta-

329 2280 617 2368 tionem3
645 2281 729 2356 iis
757 2299 972 2356 tamen
1008 2308 1317 2376 magnam
1348 2279 1506 2354 libri
1537 2276 1816 2354 secundi
1848 2294 2104 2379 partem
2136 2274 2468 2377 implevit,

324 2432 404 2487 ut
427 2442 551 2514 per
582 2442 657 2488 ea
690 2412 774 2488 ad
808 2440 1073 2486 sorores
1109 2413 1450 2502 transiret,
1478 2414 1550 2487 in
1577 2413 1847 2490 arbores
1865 2468 1885 2500 ‚
1925 2411 2086 2487 dum
2109 2409 2333 2487 fratris
2364 2437 2471 2484 ca·

328 2575 474 2620 sum
519 2546 793 2643 lugent,
846 2574 1088 2621 versas.
1148 2546 1444 2621 Mutatio
1482 2573 1794 2619 sororum
1835 2542 2161 2640 Meleagri
2198 2543 2471 2617 duobus

327 2678 633 2753 versibus
671 2677 1078 2769 absolvitur3
1105 2679 1223 2755 sed
1248 2677 1332 2754 ad
1359 2706 1501 2755 eam
1526 2677 1918 2775 longissima
1943 2677 2056 2754 illa
2086 2693 2248 2778 ρήσει
2264 2680 2469 2767 VIII,

335 2809 660 2905 260-543
684 2867 703 2900 ,
740 2812 1154 2919 pervenitur,
1195 2841 1340 2912 quae
1390 2829 1535 2886 tota
1566 2812 1636 2887 in
1674 2813 1819 2914 apri
1872 2812 2223 2914 Calydonii
2274 2842 2475 2888 vena—

332 2943 512 3018 tione
557 2960 625 3017 et
666 2943 739 3017 in
786 2942 964 3019 lucta
997 2944 1310 3032 Althaeae,
1346 2942 1489 3017 filio
1523 2972 1754 3020 necem
1786 2945 2117 3047 parantiS‚
2153 2962 2472 3019 versatur.

333 3077 697 3169 AEsonem,
724 3076 997 3151 Jasonis
1016 3095 1270 3178 patrem
1290 3133 1308 3165 ‚
1326 3078 1631 3177 juvenem
1649 3076 1891 3155 Medea
1904 3075 2298 3152 reddiderat.
2326 3079 2475 3152 Hoc

335 3227 720 3284 nan-:iturus
762 3208 1050 3284 Ovidius
1081 3211 1245 3299 VII,
1302 3208 1654 3312 159-293,
1682 3211 1754 3285 in
1788 3229 1999 3286 totam
2029 3230 2238 3289 artem
2266 3212 2476 3308 magi-

339 3373 479 3420 cam
515 3344 824 3420 excurrit.
866 3336 1130 3420 Pes'tem
1148 3403 1167 3433 ‚
1210 3374 1356 3448 quae
1398 3345 1715 3442 AEginam
1759 3346 2046 3422 insulam
2090 3347 2481 3422 exhauserat

338 3477 610 3567 incolis,
643 3479 1035 3580 Minoisque
1069 3509 1220 3556 cum
1247 3480 1775 3559 Atheniensibus
1803 3479 2055 3557 bellum
2081 3480 2281 3554 nobis
2307 3482 2478 3567 Vll,

342 3615 481 3714 472
527 3642 679 3727 sqq.
706 3671 725 3702 ‚
770 3613 1031 3703 retulit,
1068 3632 1149 3689 ut
1181 3613 1689 3715 Myrmidonum
1733 3643 1768 3690 e
1819 3614 2115 3688 formicis
2151 3613 2477 3709 originem

339 3745 672 3848 proderet.
726 3748 953 3823 Locus
994 3749 1166 3836 VII,
1213 3745 1470 3837 1-158‚
1506 3746 1711 3823 habet
1743 3744 2011 3849 quidem
2043 3747 2483 3821 mutationem

343 3877 643 3952 dentium
670 3897 968 3954 satorum
996 3878 1070 3953 in
1094 3879 1272 3952 viros
1290 3934 1311 3969 ‚
1346 3878 1464 3954 sed
1487 3878 1718 3982 paucis
1741 3879 2042 3954 versibus
2069 3879 2436 3981 expositam
2460 3909 2482 3968 ;

340 4008 599 4112 reliqua
647 4010 720 4084 in
769 4011 1024 4086 Minois
1055 4011 1272 4087 forma
1302 4029 1371 4085 et
1401 4011 1473 4084 in
1506 4039 1748 4086 vesano
1783 4011 2037 4086 Medeae
2082 4039 2304 4087 amore
2354 4040 2481 4086 no-

344 4142 550 4216 tando
586 4162 951 4221 versantur.
972 4144 1100 4225 ,Sic
1127 4144 1667 4228 numerosissima
1699 4160 1915 4247 poetae
1947 4142 2205 4221 occasio
2242 4144 2483 4223 offere·-

339 4274 542 4351 hatur
595 4276 942 4353 innumera
988 4277 1429 4368 admiscendi,
1479 4306 1626 4380 quae
1681 4277 2041 4380 antiquitas
2092 4278 2284 4368 tulit,
2333 4309 2484 4383 quae
