3217 5134
558 551 696 621 DE
742 548 1099 618 *OPERE
1158 546 2239 618 METAMORPHOSEON.
2383 571 2469 642 27

326 694 472 781 hic,
524 720 698 794 quos
733 709 922 766 tutos
955 720 1097 766 esse
1132 690 1350 766 vellet.
1419 693 1502 765 In
1546 691 1851 791 utrisque
1904 687 2226 763 codicillis
2272 686 2476 763 iidem

328 849 563 894 versus
590 836 789 922 ,erant
808 875 829 908 ,
863 819 937 893 in
969 819 1218 920 quihus
1242 817 1735 918 Semibovemque
1755 816 1958 891 virum
1973 874 1992 902 ‚
2028 815 2479 916 semivirumque

326 947 574 1033 bovem„
615 964 713 1035 et,
751 945 1089 1046 Egelidm
1119 945 1376 1018 Borean
1399 1002 1419 1029 ,
1476 942 1931 1044 qulidumque
1963 942 2226 1017 Notum.
2287 943 2481 1015 Non-

330 1077 519 1153 nulla
548 1106 692 1151 non
725 1075 1187 1178 amplificavit,
1220 1074 1339 1150 sed
1365 1073 1830 1176 prodigialiter
1854 1074 2055 1148 auxit.
2091 1074 2176 1145 In
2204 1100 2342 1174 quo
2367 1101 2480 1168 ge-

328 1240 488 1286 nere
523 1228 685 1285 sunt
722 1234 1008 1328 serpens
1045 1208 1279 1282 Cadmi
1316 1225 1385 1282 et
1415 1205 1913 1282 Erisichthonis
1946 1204 2173 1280 fames.
2236 1204 2482 1279 Prodi-

332 1339 521 1434 gium
554 1337 736 1412 enim
765 1352 899 1423 est,
933 1333 1213 1437 quodque
1238 1334 1489 1409 urbibus
1506 1332 2054 1477 esse,Quodq1ae
2082 1332 2231 1405 satis·
2246 1330 2485 1433 populo

321 1478 612 1565 poterat,
664 1490 787 1536 non
817 1461 1055 1563 sffficit
1084 1491 1209 1535 um.

432 1592 513 1663 In
547 1589 927 1664 omnibus
951 1605 1292 1690 spectatur
1320 1587 1448 1661 hoc
1472 1644 1489 1675 ,
1522 1604 1602 1660 ut
1633 1615 1775 1659 non
1807 1584 2029 1660 solum
2064 1582 2347 1659 consilio
2384 1582 2486 1656 di-

335 1714 583 1803 centiS,
622 1713 741 1788 sed
787 1730 858 1788 et
901 1740 1204 1815 personae
1254 1712 1768 1787 accommodata!
1798 1712 1935 1786 sint
1968 1742 1984 1785 z
2025 1739 2172 1812 quae
2206 1728 2486 1810 utraque

336 1837 483 1913 laus
506 1839 934 1914 orationibus
954 1841 1093 1915 fere
1119 1839 1470 1927 omnibus,
1508 1867 1675 1941 quas
1703 1839 1834 1913 hoc
1868 1866 2131 1912 carmen
2164 1837 2485 1939 plurimas

336 1962 582 2054 habet,
620 1964 921 2040 debetur.
978 1963 1430 2039 Nobilissimae
1465 1980 1656 2051 sunt,
1695 1964 1903 2051 XIII,
1945 1960 2196 2062 1—378,
2237 1960 2485 2063 quibus

338 2089 511 2188 Ajax
544 2109 614 2165 et
648 2090 923 2193 Ulysses
961 2090 1044 2166 cle
1081 2090 1368 2166 Achillis
1400 2091 1598 2164 armis
1632 2105 1926 2175 certant,
1967 2110 2248 2188 quarum
2283 2083 2487 2160 altera

339 2214 912 2312 indignationem,
959 2217 1167 2292 altem
1204 2216 1632 2291 calliditatem
1689 2216 1933 2319 spirat,
1967 2212 2084 2287 illa
2134 2212 2488 2286 vehemens

338 2359 465 2427 est,
492 2341 635 2416 haee
656 2343 1027 2444 composita
1051 2358 1119 2417 et
1139 2338 1499 2431 moderata,
1521 2359 1805 2442 utraque
1832 2356 2052 2414 autem
2082 2339 2489 2435 argumentis

336 2467 724 2543 fortissimis
756 2488 1034 2572 pugnat.
1095 2469 1522 2545 Dissnasoria
1550 2467 1797 2543 Phoebi
1832 2465 1918 2541 ad
1959 2465 2484 2552 Phaethontem,

342 2597 445 2682 Π,
487 2594 765 2670 50-102
786 2654 805 2685 ,
833 2624 976 2670 non
1002 2594 1209 2670 modo
1234 2611 1777 2692 arg-umentorum
1803 2591 2102 2695 pondere
2137 2608 2204 2665 et
2236 2589 2494 2665 delectu

352 2718 544 2809 valet,
572 2722 691 2797 sed
714 2740 783 2797 et
804 2724 1099 2798 animum
1122 2741 1476 2826 paternum
1493 2719 1990 2821 sollicitumque
2011 2717 2261 2820 prodit.
2288 2716 2497 2791 Plena

348 2847 732 2923 acerbitatis
758 2867 864 2924 est
893 2850 1142 2939 oratio,
1184 2877 1318 2951 qua
1351 2845 1570 2948 Scylla
1595 2846 1836 2921 Minoa
1859 2845 2258 2939 fugientem,
2286 2842 2489 2929 VIII,

359 2971 678 3066 108-142
694 3030 715 3063 ,
754 2976 1139 3050 insectatur.
1180 2974 1673 3049 Convenienter
1692 2972 2022 3072 majestati
2044 2994 2179 3044 suae
2201 2968 2491 3071 Jupiter,

347 3098 418 3185 I,
469 3096 818 3190 182-243‚
855 3099 1037 3173 Deos
1072 3115 1476 3173 convocatos
1511 3098 1913 3200 alloquitur,
1952 3097 2329 3198 sceleraque
2362 3097 2495 3171 ho-

350 3221 611 3297 minum
644 3224 864 3299 verbis
902 3209 1306 3322 gravissimis
1337 3240 1549 3299 notat.
1600 3224 1920 3299 Fidenter
1961 3241 2029 3299 et
2069 3223 2158 3298 ad
2201 3252 2496 3299 commo·—

350 3349 639 3423 vendmn
667 3368 818 3452 apte
837 3350 1070 3426 Tellus
1092 3376 1281 3426 suam
1301 3350 1676 3452 mundique
1694 3379 1958 3426 causam
1983 3351 2153 3447 agit,
2182 3351 2281 3439 II,
2314 3372 2494 3450 279-

351 3469 516 3545 300.
567 3474 826 3547 Metam
860 3473 1255 3577 zelotypiam
1297 3492 1366 3550 et
1400 3477 1567 3551 iram
1598 3506 1678 3552 ex
1714 3477 1822 3551 sui
1862 3493 2202 3553 contemtu
2251 3476 2497 3548 evomit

347 3601 570 3689 luno,
599 3602 668 3674 Π
684 3656 704 3690 ,
730 3600 815 3673 51
837 3599 1032 3688 1-30,
1058 3601 1442 3705 apudpDeos
1463 3602 1780 3675 marinos.
1801 3600 2122 3675 Praeel‘are
2136 3598 2495 3689 PentheuS,

352 3726 489 3814 m,
522 3722 802 3797 531-63
823 3783 841 3816 ,
866 3752 905 3801 a
926 3727 1085 3800 novi
1106 3726 1234 3800 Dei
1261 3724 1543 3800 mollitie
1560 3781 1579 3812 ‚
1608 3753 1647 3798 a
1668 3744 2005 3798 sacrorum
2033 3725 2175 3824 ejus
2211 3726 2498 3826 strepitu

350 3867 419 3923 et
466 3879 505 3924 a
559 3848 1042 3925 Thebanorum
1099 3850 1362 3947 origine
1417 3849 1802 3925 deterrendi·
1839 3868 2234 3945 argumenta
2268 3851 2492 3923 sumit.

351 3974 577 4049 Niobe
605 4031 625 4062 ‚
662 3976 894 4072 regina
935 3975 1361 4052 celeberrima
1387 4031 1407 4065 ‚
1462 3973 1937 4075 superbissime
1991 4000 2200 4069 genus
2248 3996 2444 4048 suum
2475 4031 2497 4065 ,

354 4128 539 4202 opes,
558 4101 1301 4203 numerosissimemque
1329 4099 1589 4203 prolem
1608 4101 1843 4200 jactat,
1876 4116 2080 4199 atque
2107 4101 2497 4174 contemtim

354 4253 489 4327 prae
521 4253 594 4301 se
629 4228 954 4303 Latonam
986 4226 1280 4328 spernit,
1316 4227 1453 4316 VI,
1519 4250 1853 4328 170-202.
1910 4225 2242 4300 Convenit
2281 4227 2499 4301 furori

351 4351 614 4450 juvenis
645 4353 904 4429 incitati
929 4372 999 4429 et
1020 4352 1282 4456 perdite
1306 4353 1586 4427 amantis
1607 4352 1824 4426 oratio
1845 4408 1864 4443 ,
1903 4381 2038 4455 qua
2061 4352 2393 4445 Phoebus,
2427 4356 2495 4443 1,
