3217 5134
603 548 1663 621 METAMORPHOSEON·
1696 550 1892 620 LIB.
1943 555 2093 621 111.

2284 554 2414 621 265
2468 570 2471 571 ’

282 692 466 765 Tum
499 719 769 791 quoque
802 718 909 779 se,
943 709 1301 794 postquam
1333 710 1434 768 est
1471 691 1730 765 inferna
1763 692 1917 769 sede
1948 711 2288 796 receptus,

281 811 368 882 In
396 808 622 908 Stygia
657 808 1000 910 spectabat
1032 838 1202 910 aqna
1230 840 1246 881 ε
1276 809 1588 911 planxere
1621 837 1887 884 sorores

2321 831 2418 885 505

280 924 611 1010 Naiades;
645 941 714 998 et
738 942 953 999 sectos
982 922 1168 999 fratri
1205 954 1486 1027 posuere
1518 924 1798 1028 capillos
1827 955 1844 998 ε

283 1038 611 1114 Planxere
642 1057 710 1114 et
744 1038 1046 1140 Dryades
1074 1070 1090 1112 :
1121 1039 1598 1144 plangentibus
1632 1040 1913 1116 adsonat
1943 1041 2155 1117 Echo.

284 1158 575 1256 Jamque
601 1183 840 1250 rogum
857 1211 877 1242 ‚
904 1184 1306 1258 quassasque
1336 1157 1545 1247 faces,
1577 1156 2030 1259 feretrumque
2054 1156 2417 1258 parabant:

284 1280 638 1380 Nusquam
675 1306 920 1380 corpus
956 1297 1097 1354 erat
1126 1309 1475 1356 :croceum
1509 1309 1637 1384 pro
1670 1308 1948 1382 corpore
1983 1280 2212 1356 florem

289 1402 691 1489 Inveniunt,
724 1400 905 1475 soliis
935 1402 1227 1477 medium
1262 1404 1690 1501 cingentibus
1721 1403 1913 1478 albis.

2324 1423 2421 1477 510

390 1526 510 1597 VI.
545 1525 835 1621 Cognita
863 1554 968 1601 res
1001 1525 1303 1602 meritam
1334 1526 1468 1602 vati
1498 1556 1623 1629 per
1650 1525 1981 1601 Achaidas
2014 1524 2214 1600 urbes

293 1732 602 1788 attributivo
614 1731 695 1785 vel
713 1730 971 1802 adjectivo
982 1753 1086 1787 nos·
1105 1734 1202 1788 ista
1217 1733 1314 1788 de-

291 1810 533 1879 signetur
551 1848 566 1874 ,
604 1808 747 1878 quod
783 1820 960 1864 tamen
987 1830 1195 1865 necesse
1220 1831 1315 1865 es—

292 1900 376 1944 set
394 1929 411 1957 ,
435 1909 567 1942 mors
587 1890 976 1959 praeserendum
995 1910 1199 1944 censeo.
1217 1893 1316 1944 Ed.

292 1998 366 2011 -
385 1972 634 2024 Dominus
659 1972 925 2031 luminum,
961 1981 1022 2024 ut
1048 1971 1126 2024 Vl
1145 2009 1162 2037 ,
1189 1970 1312 2034 560,

289 2050 495 2101 dom'no
508 2051 707 2115 lingue.
727 2074 796 2088 —
806 2050 870 2100 Ia
887 2049 1067 2116 Stygia
1080 2057 1177 2100 etc.
1195 2045 1316 2098 Ma-

296 2146 397 2180 nes
419 2127 564 2180 enim
603 2126 658 2180 in
695 2126 904 2180 inferna
929 2126 1052 2180 sede
1078 2135 1322 2179 exercent

297 2204 472 2260 studia
513 2205 726 2273 antiqua
768 2222 781 2256 ε
813 2203 933 2258 vide
972 2202 1039 2257 ad
1079 2202 1178 2270 IV,
1207 2204 1320 2269 445.

301 2284 483 2340 Nihilo
518 2295 697 2339 tamen
736 2284 915 2337 minus
949 2284 1144 2336 Noster
1177 2299 1323 2335 nunc

298 2363 517 2432 ingenio
539 2363 725 2415 abusus
739 2363 1024 2433 esttsqgaetr
1038 2360 1184 2414 enim
1208 2370 1322 2413 tur-

301 2440 424 2494 bida
447 2460 582 2510 aqua
592 2451 646 2494 et
663 2440 794 2493 limo
811 2441 968 2510 plena
989 2457 1098 2492 non
1117 2448 1324 2509 poterat

297 2520 581 2589 spectantis
601 2521 830 2574 sormam
855 2518 1093 2573 reddere.

371 2601 486 2659 505.
505 2600 756 2652 Planxere
766 2617 975 2652 sorores.
995 2596 1153 2668 Apud
1168 2595 1324 2650 Clau-

302 2676 445 2731 dian.
456 2677 507 2731 d.
520 2677 550 2730 Ι.
565 2679 865 2733 Narcissum
862 2676 1044 2745 fmcta
1058 2681 1325 2745 Cephisus

301 2759 550 2811 arundeise
589 2761 742 2825 luget.
788 2785 855 2799 —-
886 2759 1060 2811 Sec-tos
1094 2759 1323 2825 capillos.

305 2835 385 2905 Ex
396 2854 546 2889 more
561 2835 923 2905 antiquissimo
936 2836 1175 2890 solebant
1188 2852 1325 2886 mor-

301 2925 524 2967 tuorum
536 2914 753 2968 tumulis
762 2914 887 2968 secti
900 2913 1204 2983 capillorum
1219 2912 1328 2965 cin-

302 2992 451 3046 cinni
478 2992 695 3062 imponi.
716 3019 784 3032 —·
800 2991 1076 3060 Quoniam
1101 2991 1157 3043 in
1180 2990 1326 3044 Gro-

305 3069 539 3123 noviano
547 3068 723 3136 small
729 3088 942 3137 posuere
958 3079 1121 3123 exstat
1141 3107 1158 3135 ,
1184 3068 1327 3122 Bur-

305 3165 541 3201 mannus
585 3148 912 3216 conjecturat
946 3144 1097 3212 sami
1120 3184 1134 3206 ,
1201 3154 1330 3197 tan—

309 3244 476 3296 quam
515 3224 669 3278 busto
709 3224 950 3279 Narcissi.
985 3249 1053 3264 ·-
1086 3223 1209 3276 Non
1233 3222 1331 3275 in-
1370 3232 1375 3236 ’

305 3304 480 3358 fausta
506 3301 808 3355 Burmanni
837 3302 1155 3372 conjectura.
1187 3301 1328 3353 Nos-

306 3382 378 3434 tri
398 3391 579 3433 tamen
594 3378 819 3435 Codices
831 3378 1205 3447 habentsmtre‘.
1230 3377 1332 3431 Ed.

306 3485 378 3498 —
398 3460 593 3511 Ponere
616 3457 852 3511 solemne
880 3458 937 3510 in
972 3455 1333 3512 consecratio-

305 3535 482 3590 nibus.
510 3534 785 3602 Tibullus,
828 3534 856 3587 Ι
878 3572 894 3601 ,
923 3551 946 3587 1
964 3574 981 3602 ,
1011 3537 1104 3602 14,
1130 3553 1334 3603 pomum

300 3617 630 3684 ponereDeo.
649 3615 853 3668 Mirum
866 3624 1044 3668 autem
1057 3624 1155 3681 est,
1167 3614 1336 3685 Nym-

309 3693 445 3765 phas
464 3712 632 3762 rogum
651 3703 708 3747 et
712 3692 957 3762 fiteltmn
980 3711 1199 3763 parasse.

382 3773 498 3827 508.
543 3776 880 3842 Quassasque.
919 3772 1137 3842 Septem
1174 3771 1337 3827 MSS.

310 3872 606 3923 cassasque.
630 3852 694 3907 ld
725 3852 1068 3906 Burmannus
1088 3852 1336 3922 explicat,

313 3950 448 4003 que.
471 3941 684 3986 resectae
726 3931 791 3985 ab
830 3931 1016 3985 arbore
1048 3949 1202 3984 succo
1241 3948 1338 3983 suo

310 4021 501 4066 carent
520 4020 574 4063 et
597 4008 1176 4077 aridumue-Nostri,
1194 4026 1341 4077 quas·

311 4076 530 4159 sas-ques
569 4089 641 4144 Et
680 4100 861 4159 arguta
901 4091 1037 4143 sorte
1079 4081 1341 4142 videbitur

311 4167 591 4240 explicatio
634 4167 949 4221 Burmanni.
1010 4168 1201 4219 Cessas
1244 4183 1341 4234 pro

313 4267 539 4319 quassas
569 4247 824 4318 scriptum
858 4248 1013 4302 fuisse
1036 4265 1067 4300 a
1089 4244 1341 4309 librariis,

317 4341 374 4386 et
413 4328 608 4389 eodem
643 4348 832 4398 sensu,
865 4328 983 4399 quis
1016 4326 1342 4394 demiretur,

1407 1756 1577 1809 quum
1599 1738 1808 1792 sciverit
1831 1736 2102 1807 quomodo
2126 1747 2248 1791 ante
2275 1747 2433 1809 typo-

1413 1816 1683 1886 grzsphimn
1707 1827 1973 1886 repertam
2000 1816 2357 1869 scriberentur
2376 1815 2433 1867 li-

1413 1894 1538 1948 bri?
1577 1894 1768 1949 scilicet
1793 1893 1900 1947 duo
1924 1933 1939 1960 ,
1975 1904 2078 1949 tres
2095 1933 2110 1960 ,
2136 1893 2218 1945 vel
2256 1893 2431 1963 plures

1412 1973 1593 2027 scribae
1620 1983 1741 2026 ante
1765 1970 2005 2042 pluteum
2022 2010 2038 2038 ‚
2058 1970 2287 2025 dictante
2313 1989 2432 2023 ver-

1414 2049 1479 2102 ba
1508 2050 1755 2119 magistro
1775 2087 1790 2116 ‚
1811 2048 2127 2111 exarabant;
2168 2059 2248 2114 et,
2276 2058 2431 2117 prout

1415 2129 1633 2198 quisque
1660 2128 1858 2198 peritus
1878 2139 2030 2193 esset,
2052 2128 2181 2181 alter
2195 2145 2429 2196 quassas,

1416 2207 1462 2260 al
1469 2216 1548 2259 ter
1560 2225 1743 2259 cassas
1758 2206 1815 2259 in
1827 2225 1923 2260 suo
1938 2205 2114 2259 codice
2130 2205 2436 2275 reponebat.

1419 2283 1676 2337 Similiter
1698 2304 1760 2336 ex
1786 2284 2032 2336 omnibus
2056 2282 2194 2336 hisce
2230 2281 2438 2336 mendis

1419 2380 1537 2431 quae
1561 2362 1619 2414 in
1644 2361 1836 2415 nostris
1852 2360 2055 2432 scriptis
2074 2361 2217 2414 libris
2240 2378 2437 2414 occur-

1417 2450 1562 2509 runt.
1587 2442 1756 2494 Ed.-
1769 2442 2006 2506 Qualem,
2035 2458 2299 2508 quassam,
2319 2457 2443 2506 per-

1418 2525 1582 2573 culere
1603 2518 1762 2587 faces
1779 2560 1792 2581 ‚
1826 2518 2069 2572 sormulae
2096 2517 2274 2573 obviae.
2314 2516 2438 2570 Vid.

1419 2596 1672 2650 Heinsius
1700 2596 1767 2650 ad
1805 2596 1917 2663 IV,
1953 2598 2064 2664 758.
2091 2597 2439 2652 Jactabantur

1420 2676 1567 2729 enim
1582 2676 1724 2729 inter
1737 2675 1990 2729 eundum.
2004 2703 2073 2716 —
2087 2677 2439 2743 Cevceumflo—

1419 2775 1536 2811 rem.
1576 2756 1894 2810 Narcissum.
1934 2756 2055 2809 Flos
2089 2755 2177 2808 hic
2203 2755 2320 2808 Diis
2353 2754 2443 2807 in·-

1420 2836 1544 2889 seris
1571 2854 1718 2889 sacer
1751 2834 2001 2904 fingitur,
2040 2845 2102 2888 ut
2131 2834 2221 2904 qui
2253 2832 2445 2887 floreat

1422 2925 1632 2969 tantum
1663 2926 1718 2969 et
1761 2925 2021 2981 transeat,
2057 2932 2233 2983 neque
2270 2912 2442 2966 ullum

1423 3013 1487 3048 ex
1516 3013 1571 3047 se
1611 2994 1843 3047 sructmn
1875 2991 2031 3056 edat3
2060 2992 2133 3046 ita
2154 3003 2207 3046 et
2231 2993 2444 3061 ingenia

1399 3071 1676 3141 qraecocia
1699 3070 1839 3125 haud
1863 3070 2010 3124 facile
2035 3069 2355 3140 perveniunt
2376 3067 2443 3122 ad

1424 3150 1649 3218 frugem.
1662 3150 1840 3202 Ed.-
1854 3151 1976 3202 Flos
1987 3157 2167 3201 autem
2180 3146 2267 3199 ille
2283 3145 2445 3199 etiam

1426 3226 1584 3281 hodie
1606 3228 1750 3296 juxta
1766 3227 2083 3282 Heliconem
2097 3227 2354 3297 plurimus
2364 3244 2446 3279 re·

1427 3305 1630 3374 peritur
1646 3343 1662 3372 ‚
1701 3316 1761 3360 ut
1784 3315 1966 3359 narrat
1989 3306 2245 3360 Cha-dler
2266 3302 2326 3355 in
2350 3301 2449 3356 Iti-

1428 3401 1544 3437 ner.
1565 3402 1677 3455 cap.
1699 3385 1779 3452 64.

1499 3466 1527 3515 5
1537 3482 1555 3515 1
1570 3463 1748 3532 1-733.
1775 3466 1992 3532 Cognita
2006 3480 2086 3516 res
2102 3465 2328 3514 merdam
2351 3469 2450 3512 ete.

1429 3541 1666 3596 Bacchus
1686 3580 1702 3608 ‚
1737 3561 1984 3596 emensus
2016 3539 2207 3595 multas
2240 3548 2406 3591 terras
2432 3576 2448 3605 ,

1432 3606 1641 3675 Thebas
1652 3619 1810 3673 venit.
1830 3620 2099 3674 Pentheus
2113 3615 2453 3685 vero‚Echio-

1432 3698 1513 3752 nis
1536 3697 1673 3751 filius
1694 3736 1710 3764 ‚
1739 3696 1929 3752 Cadmi
1953 3716 2015 3750 ex
2039 3697 2219 3767 Agave
2248 3713 2415 3764 nepos
2434 3733 2450 3759 ‚

1432 3776 1516 3833 eui
1543 3774 1782 3831 Cadmus
1814 3777 2097 3846 imperium
2121 3772 2410 3827 tradiderat
2434 3812 2450 3838 ,

1434 3874 1600 3925 quum
1637 3874 1781 3910 sacra
1809 3873 1946 3907 nova
1983 3853 2215 3923 accipere
2242 3851 2411 3905 nollet
2434 3890 2450 3916 ‚

1433 3933 1807 4003 Bacchumque
1824 3931 1956 3986 adeo
1980 3930 2278 3985 interficere
2301 3946 2456 3982 oona-

1433 4022 1599 4079 retur,
1619 4011 1926 4065 dilaceratus
1940 4010 2092 4063 estab
2112 4009 2288 4079 Agave
2301 4018 2355 4061 et
2369 4025 2455 4061 so-

1433 4090 1662 4155 roribus,
1679 4108 1805 4158 quas
1819 4087 2054 4141 Bacchus
2069 4086 2266 4140 eumin
2286 4085 2455 4140 finem

1434 4168 1491 4223 in
1527 4169 1764 4221 furorem
1801 4165 2059 4235 adegerat.
2101 4164 2345 4219 Tractata
2378 4174 2462 4218 est

1435 4245 1547 4301 hac
1581 4245 1755 4301 sabula
1782 4254 1899 4315 post
1920 4242 2231 4316 AEschylum
2254 4281 2270 4310 ,
2307 4242 2458 4310 cujus

1436 4324 1712 4383 Pentheus
1734 4322 1970 4394 interiit,
2010 4322 2075 4378 ab
2110 4319 2365 4391 Euripide
2400 4318 2458 4371 in
