3217 5134
760 543 840 610 16
1533 538 2118 609 PRAEFATIO

747 679 973 771 Adde,
1012 709 1161 783 quae
1201 682 1275 754 in
1304 678 1756 756 Deucalioneo
1807 678 2063 754 diluvio
2101 678 2184 753 de
2221 679 2406 753 Noto
2439 674 2744 752 evolante
2764 734 2784 767 ,
2822 675 2904 752 de

760 816 1085 915 Neptuno
1121 842 1347 888 amnes
1379 830 1788 888 convocante
1808 866 1828 901 ,
1866 809 1947 886 de
1975 811 2254 885 Tritone
2278 810 2543 907 signum
2577 808 2895 884 fluctibus

749 946 945 1022 dante
964 1003 984 1037 ,
1027 947 1108 1022 de
1133 944 1565 1021 Deucalionis
1598 942 1917 1046 querelis,
1955 943 2040 1018 ab
2065 972 2147 1019 eo
2176 942 2447 1017 inventa
2478 958 2658 1016 sunt.
2698 941 2903 1043 Spre-
2951 922 2962 937 ⁸

745 1097 931 1155 verat
976 1080 1200 1155 Niobe
1233 1082 1559 1154 Latonam
1592 1106 1731 1181 prae
1765 1107 1837 1154 se
1858 1133 1879 1165 ‚
1931 1106 2053 1153 nec
2088 1077 2232 1179 pati
2275 1075 2579 1155 voluerat
2622 1102 2804 1151 sacra
2838 1077 2900 1150 ei

740 1210 905 1286 fieri.
942 1210 1310 1308 Quomodo
1339 1210 1470 1285 hoc
1496 1210 1801 1284 tractavit
1821 1211 2064 1311 poeta?
2087 1212 2344 1310 Nempe
2365 1226 2582 1283 vatem
2607 1208 2900 1308 primum

742 1345 1004 1420 inducit
1022 1348 1303 1419 Latonae
1323 1373 1506 1419 sacra
1525 1342 1927 1417 indicentem
1944 1398 1964 1431 ,
1995 1360 2140 1417 tum
2159 1342 2430 1416 Nioben
2450 1341 2522 1414 in
2547 1340 2898 1442 publicum
2949 1343 2953 1347 ’

744 1507 899 1552 cum
920 1477 1097 1552 fastu
1122 1476 1567 1579 prodeuntem
1587 1531 1606 1561 ,
1640 1492 1840 1575 atque
1866 1473 2167 1548 oratione
2188 1473 2624 1548 audacissima
2651 1502 2721 1548 se
2741 1475 2902 1549 Deae

742 1609 1221 1711 praeserentem.
1286 1610 1380 1681 Et
1430 1604 1595 1707 quid
1649 1604 1728 1680 de
1770 1604 2005 1707 Ceycis
2038 1623 2240 1706 atque
2277 1604 2656 1706 Halcyones
2690 1605 2898 1680 rebus

742 1743 1009 1816 dicam?
1057 1743 1139 1814 In
1186 1739 1272 1813 iis
1331 1738 1746 1840 tempestatis
1772 1793 1792 1827 ,
1854 1738 2016 1812 artis
2067 1737 2351 1811 nauticae
2374 1792 2394 1826 ,
2434 1736 2670 1811 Somni
2704 1738 2898 1811 Mor-

739 1875 1033 1978 pheique
1055 1872 1567 1974 descriptiones,
1595 1890 1740 1946 tum
1765 1870 2145 1949 adfectuum
2164 1870 2543 1945 notationes
2566 1887 2897 1946 testantur

738 2006 1115 2082 faecundum
1148 2005 1354 2080 fuisse
1401 2004 1633 2079 Ovidii
1677 2004 1751 2076 in
1801 2003 2200 2079 inveniendo
2245 2004 2607 2100 ingenium.
2681 2005 2892 2079 Mitto

737 2137 933 2240 plura
967 2137 1246 2227 addere3
1282 2166 1438 2212 nam
1472 2135 1778 2238 plurimae
1811 2131 2056 2210 fabulae
2082 2135 2218 2209 huc
2254 2134 2562 2210 advocari
2585 2156 2886 2237 possent.

738 2269 981 2346 Monui
1011 2270 1280 2371 quidem
1304 2297 1507 2371 supra
1526 2324 1546 2358 ,
1581 2268 1834 2343 nescire
1860 2296 1989 2341 nos
2005 2323 2025 2357 ,
2066 2267 2261 2369 quid,
2290 2285 2359 2342 et
2381 2286 2705 2369 quantum
2729 2269 2791 2344 ei
2819 2269 2888 2343 in

735 2403 984 2478 sabulis
1021 2400 1400 2477 excolendis
1451 2400 1663 2476 Graeci
1696 2417 1916 2501 poetae
1945 2399 2507 2489 ministraverint3
2548 2401 2663 2475 sed
2698 2401 2890 2497 inge-

739 2535 926 2609 nium
978 2531 1365 2636 praeclarum
1392 2588 1412 2624 ,
1451 2532 1646 2634 quale
1700 2533 1774 2605 in
1826 2532 2141 2606 omnibus
2192 2531 2422 2607 Ovidii
2480 2531 2888 2608 carminibus

738 2669 984 2757 elucet,
1022 2668 1375 2770 impetrare
1414 2696 1451 2741 a
1486 2696 1556 2742 se
1592 2695 1734 2740 non
1765 2683 2027 2768 potest,
2061 2682 2173 2753 ut,
2214 2664 2437 2740 missis
2472 2666 2612 2740 suis
2644 2665 2882 2755 boniS,

738 2821 1052 2905 tanquam
1084 2802 1260 2877 fidus
1294 2803 1624 2902 interpres
1638 2857 1657 2888 ,
1696 2799 1865 2874 alios
1899 2827 2160 2902 semper
2193 2799 2662 2901 subsequatur.

835 2939 993 3009 Non
1022 2963 1281 3009 summo
1309 2934 1546 3006 virium
1572 2932 1726 3007 nisu
1755 2959 1928 3033 opus
1953 2961 2149 3007 suum
2170 2932 2471 3022 excudit,
2502 2932 2618 3008 sed
2644 2962 2682 3007 e
2705 2932 2882 3008 felici

736 3065 853 3140 illa
877 3066 1130 3162 ingenii
1163 3095 1327 3142 vena
1357 3063 1654 3166 peperit,
1692 3091 1838 3165 quae
1865 3080 2039 3138 tacta
2063 3063 2286 3137 statim
2312 3063 2664 3165 profundit
2685 3064 2883 3165 quid-

740 3198 905 3299 quid
930 3197 1014 3272 ad
1041 3226 1177 3272 rem
1204 3196 1527 3298 pertinet,
1557 3195 1695 3269 sive
1721 3190 1942 3269 soluta
1964 3194 2263 3269 oratione
2290 3196 2500 3269 utaris
2518 3250 2539 3282 ,
2577 3195 2712 3270 sive
2739 3224 2879 3271 me-

738 3331 860 3405 tris
895 3329 1269 3404 constricta.
1310 3328 1528 3402 Datur
1559 3329 1737 3402 enim
1770 3327 1901 3401 hoc
1935 3326 2219 3422 ingeniis
2256 3327 2657 3427 quibusdam
2691 3358 2731 3404 a
2757 3358 2877 3404 na-

740 3481 889 3537 tura
906 3519 925 3551 ,
955 3478 1066 3549 ut,
1093 3460 1215 3534 ubi
1244 3459 1598 3534 scribendo
1622 3458 2043 3535 incaluerunt
2062 3515 2083 3547 ,
2118 3457 2302 3533 illico
2327 3488 2559 3536 omnes
2579 3462 2675 3537 rei
2706 3480 2876 3537 trac-

739 3591 954 3669 tandae
974 3608 1217 3695 parteS‚
1231 3620 1453 3666 earum
1472 3619 1719 3665 nexum
1738 3590 2225 3691 verborumque
2242 3591 2580 3668 involucra
2596 3594 2875 3669 maxime

733 3723 978 3798 idonea
1014 3721 1371 3797 clarissime
1405 3721 1834 3824 perspiciant.
1889 3720 2066 3796 Hinc
2102 3721 2216 3796 illa
2222 3722 2540 3824 sacih'tas,
2579 3751 2724 3824 quae
2748 3724 2878 3796 mi-

736 3854 915 3930 rifice
970 3855 1219 3957 scripta
1266 3852 1718 3943 commendat,
1759 3852 2007 3953 quibus
2053 3852 2410 3929 oblectatio
2448 3853 2876 3956 potissimum

741 3988 1059 4091 quaeritur
1087 4019 1103 4063 ε
1136 3987 1433 4063 eamdem
1457 4003 1526 4061 et
1559 4014 1683 4087 per
1706 4003 1924 4059 totum
1958 3985 2363 4060 ovidianum
2392 4013 2564 4087 opus
2593 3985 2873 4063 effusam

736 4120 1070 4210 videmus3
1106 4119 1179 4195 in
1213 4118 1476 4196 nullum
1511 4119 1687 4203 enim
1720 4116 2075 4193 incidimus
2111 4116 2374 4206 locum,
2414 4118 2532 4218 qui
2563 4116 2823 4193 vultum
2849 4176 2869 4209 ,

735 4273 815 4329 ut
837 4254 931 4328 ita
953 4252 1163 4329 dicam
1186 4309 1206 4343 ,
1237 4252 1510 4327 nitentis
1544 4251 1824 4340 habeat;
1859 4251 1975 4325 sed
2010 4248 2234 4323 omnia
2264 4268 2573 4353 apparet,
2607 4268 2870 4326 senten-
