3217 5134
823 586 1884 657 METAMORPHOSEON.
2352 592 2441 659 35

288 758 489 807 soror
506 786 526 819 ‚
554 726 823 803 invidiae
851 755 1110 803 veneno
1143 726 1388 802 infecta
1417 727 1488 800 in
1520 749 1758 802 saa-um·
1778 727 2157 823 obrigescit.
2201 730 2446 808 Postea

287 855 584 956 Jupiter,
627 880 837 953 quum
863 850 1325 926 Mercurium
1302 879 1377 924 1n
1404 850 1637 926 caelum
1663 880 2000 928 reversum
2026 854 2237 929 boves
2263 856 2445 952 Age-

289 979 481 1053 noris
511 977 596 1095 ad
630 976 794 1051 litus
828 992 1119 1051 avertere
1150 975 1491 1074 jussisset,
1528 994 1748 1051 sumta
1778 977 1954 1052 tauri
1972 979 2193 1080 specie
2220 1036 2238 1067 ,
2293 979 2443 1054 Eu-

291 1130 503 1204 mpam
538 1130 662 1203 per
691 1128 872 1174 mare
908 1099 982 1172 in
1017 1099 1284 1174 Cretam
1330 1099 1712 1173 transvexit.

386 1261 546 1332 LIB.
579 1258 702 1330 III.
752 1254 990 1329 Filiam
1022 1254 1329 1329 amissam
1355 1254 1635 1351 Agenor
1674 1253 1980 1328 Cadmum
2005 1255 2201 1355 jubet
2225 1255 2440 1334 inves-

292 1384 521 1481 tigare.
567 1379 776 1480 Quod
810 1380 972 1456 dum
1002 1379 1116 1456 ille
1150 1379 1309 1455 facit
1335 1436 1355 1470 ‚
1392 1379 1464 1453 in
1494 1381 1761 1455 Boeotia
1790 1409 1825 1456 e
1860 1379 2138 1455 dentibus
2163 1382 2445 1458 draconis

293 1508 498 1583 occisi
557 1508 705 1581 satis
756 1523 1164 1581 enascuntur
1209 1504 1479 1579 homines
1501 1566 1520 1592 ,
1576 1506 1983 1608 quibuscum
2031 1504 2142 1580 ille
2204 1506 2442 1584 deinde

288 1632 561 1707 Thebas
589 1631 913 1706 condidit.
944 1631 1122 1704 Huic
1144 1658 1288 1704 non
1315 1631 1590 1704 omnino
1618 1630 1794 1704 felici
1820 1629 2126 1706 luctuosa
2148 1632 2442 1733 primum

288 1754 421 1830 suit
442 1755 772 1830 Actoeomk
793 1753 1058 1855 nepotis
1084 1754 1156 1827 in
1183 1740 1416 1828 cervum
1434 1754 1676 1828 mutati
1702 1752 2077 1842 dilaniatio;
2104 1785 2252 1857 quae
2279 1786 2437 1831 vero

288 1879 582 1968 sumni,
618 1907 827 1980 quum
857 1878 1135 1952 Semelen
1156 1872 1493 1979 pellicem,
1523 1876 1759 1952 Cadmi
1778 1877 1982 1953 filiam
2000 1935 2019 1967 ,
2069 1897 2148 1952 ut
2175 1909 2442 1955 omnem

289 2003 626 2099 Agenoris
660 2003 933 2077 domum
959 2061 978 2091 ‚
1020 2002 1313 2093 odisset,
1354 2019 1539 2098 grata
1573 2001 1704 2076 fuit
1740 2032 1755 2073 :
1785 2001 2073 2104 ideoque
2105 2003 2193 2076 ad
2228 2005 2445 2105 ipsam

292 2126 458 2201 facie
480 2127 722 2200 Beroes
751 2123 1066 2200 accedens
1083 2182 1102 2213 ‚
1137 2124 1296 2198 dolo
1321 2124 1572 2213 effecit,
1606 2143 1685 2199 ut
1702 2124 1815 2199 illa
1831 2127 1877 2199 J
1881 2126 2025 2200 ovis
2042 2124 2441 2202 fulminibus

294 2249 820 2323 combureretur.
870 2250 1052 2321 Dum
1088 2245 1417 2333 Bacchus,
1460 2276 1496 2322 e
1532 2248 1822 2324 Semeles
1867 2249 2208 2346 flagrantis
2242 2269 2435 2327 utero

294 2389 631 2459 servatus,
669 2369 741 2444 in
775 2371 969 2445 terris
1002 2370 1341 2461 nutritur,
1378 2371 1649 2472 Jupiter
1693 2394 1844 2445 cum
1885 2374 2156 2447 Junone
2205 2373 2442 2477 dispu-

296 2512 483 2584 tans,
521 2512 673 2568 utra
708 2494 799 2568 sit
828 2495 1062 2568 Venus
1097 2494 1395 2580 suavior,
1436 2493 1739 2568 Tiresiam
1759 2494 2046 2592 adhibet
2074 2498 2439 2590 arbitrum,

295 2617 844 2721 quandoquidem
876 2645 1104 2691 sexum
1137 2633 1495 2717 utrumque
1532 2616 1749 2691 fuerat
1781 2637 2115 2719 expertus.
2156 2623 2260 2710 Is,
2311 2621 2443 2698 lata

294 2760 529 2816 contra
559 2742 901 2815 Jnnonem
936 2740 1300 2828 sententia,
1350 2740 1434 2814 ab
1470 2739 1585 2814 illa
1619 2740 1886 2843 quidem
1907 2724 2070 2816 ¹visu
2100 2744 2399 2844 privatus
2420 2804 2439 2836 ,

295 2892 331 2939 a
361 2866 536 2941 Jove
572 2882 794 2939 autem
841 2863 1244 2938 vaticinandi
1299 2863 1642 2938 scientiam
1683 2883 2082 2939 consecutus
2116 2884 2237 2941 est.
2294 2869 2446 2942 Pri-

294 3018 479 3065 mum
512 2990 658 3088 ejus
695 2987 1039 3063 oraculum
1083 2988 1155 3062 in
1207 2988 1507 3064 Narcisso
1558 2989 2069 3090 comprobatum
2115 2989 2243 3064 fuit
2274 3022 2289 3066 τ
2320 2993 2438 3095 qui

297 3141 506 3215 quum
547 3110 806 3213 puellas
844 3140 1112 3198 omnes,
1145 3110 1321 3185 i'nter
1348 3138 1514 3212 quas
1549 3129 1617 3185 et
1648 3110 1834 3185 Echo
1863 3141 2000 3214 prae
2034 3115 2277 3189 amoris
2311 3116 2440 3191 im-

292 3238 615 3340 patientia
639 3236 711 3311 in
730 3260 939 3311 vocem
955 3236 1169 3311 fuerat
1195 3264 1530 3327 conversa,
1557 3239 2071 3329 comtemsisset‚
2097 3241 2436 3342 suiipsius

296 3362 565 3437 tandem
619 3388 840 3435 amore
895 3360 1375 3453 contabescens
1395 3417 1414 3449 ,
1429 3359 1568 3462 flos
1598 3377 1702 3436 est
1733 3356 1950 3437 sactus
1981 3364 2088 3439 sui
2122 3366 2437 3440 nominis.

293 3485 615 3560 Pentheus
647 3503 868 3560 tamen
898 3502 1113 3559 vatem
1146 3484 1328 3558 hunc
1358 3483 1684 3559 irridebat
1712 3514 1729 3574 ;
1793 3514 2173 3587 quanquam
2210 3504 2278 3562 et
2310 3488 2445 3590 ipsi

293 3610 426 3686 sata
446 3612 676 3687 futura
691 3608 1095 3713 praedicebat
1114 3666 1134 3699 ‚
1163 3610 1413 3711 quibus
1433 3638 1592 3683 mox
1616 3627 1891 3684 eventus
1910 3606 2216 3685 ⁴constitit
2241 3642 2259 3685 ε
2287 3641 2442 3687 nam

298 3763 506 3837 quum
543 3736 757 3830 Orgia
793 3733 1288 3810 celebrarentur
1314 3788 1334 3821 ‚
1391 3731 1503 3806 ille
1555 3730 1882 3811 Bacchum
1901 3793 1920 3821 ,
1978 3735 2107 3808 sub
2158 3764 2446 3836 persona

291 3858 526 3933 famuli
557 3884 900 3932 sacrorum
938 3855 1252 3933 latentem
1273 3913 1293 3946 ,
1329 3874 1695 3958 postquam
1729 3856 2082 3964 Tyrrhenos
2110 3875 2331 3933 nautas
2367 3861 2442 3934 in

293 3982 617 4085 degohinos
650 4011 792 4059 esse
828 3983 1336 4058 transformatos
1364 3981 1450 4057 ab
1483 3982 1721 4058 eodem
1749 4002 2179 4078 cognoverat,
2201 3984 2272 4058 in
2298 3986 2443 4059 vin·

294 4106 443 4183 cula
476 4107 805 4208 conjecit3
853 4107 946 4183 ob
990 4106 1177 4209 quod
1206 4107 1463 4182 facinus
1495 4136 1533 4181 a
1561 4105 1842 4181 Bacchis
1878 4124 1980 4181 est
2015 4104 2388 4210 discerptus
2417 4139 2435 4200 3

291 4232 364 4307 id
390 4233 583 4336 quod
613 4262 922 4330 magnam
954 4231 1135 4335 apud
1164 4260 1395 4307 omnes
1423 4231 1626 4311 fidem
1660 4231 1861 4306 sacris
1897 4230 2292 4307 conciliavit.

390 4385 550 4459 Lm.
578 4386 702 4461 IV.
757 4382 1060 4462 Alcithoe
1087 4398 1303 4459 tamen
1331 4401 1398 4459 et
1425 4366 1691 4459 sorores
1711 4440 1730 4473 ‚
1773 4400 2158 4459 constanter
2174 4413 2249 4459 ea
2275 4414 2442 4459 con-
