3217 5134
798 519 929 586 328

1364 521 1445 587 P.
1502 520 1858 589 OVIDII
1904 516 2365 589 NASONIS

789 692 829 726 >›
870 658 1082 755 Regia
1113 658 1296 735 dives
1328 658 1563 749 habet,
1596 661 1712 763 qui
1747 687 1853 735 me
1881 688 2033 735 cum
2064 660 2348 759 conjuge
2383 688 2644 763 semper

799 810 839 843 >›
878 776 1196 876 Sprevit?
1231 809 1267 842 n
1310 795 1378 852 et
1409 779 1692 879 exponit
1724 805 1953 853 causas
1986 778 2259 879 odiique
2293 780 2586 881 viaeque3

793 893 1116 994 Quidque
1146 893 1305 969 velit
1334 924 1352 969 ε
1391 894 1573 996 quod
1608 892 1839 983 vellet,
1870 911 2054 991 perat,
2091 922 2175 976 ue
2208 896 2391 990 regia
2426 896 2663 970 Cadmi

795 1011 1048 1098 Staret3
1086 1028 1154 1085 et
1184 1011 1255 1084 in
1288 1010 1547 1087 facinus
1582 1011 1921 1086 traherent
1951 1010 2350 1085 Athamanta
2380 1038 2695 1086 sorores-

2824 1028 2911 1100 4⁷⁰

695 1170 700 1176 ι
791 1125 1153 1226 Imperium
1173 1182 1191 1211 ,
1226 1126 1555 1228 promissa
1574 1182 1591 1213 ,
1623 1155 1849 1227 preces
1881 1124 2234 1201 confundit
2264 1127 2338 1200 in
2370 1156 2617 1215 unum,

794 1242 1262 1346 Sollicitatque
1295 1245 1491 1319 Deas.
1525 1244 1637 1318 Sic
1671 1243 1811 1318 haec
1846 1244 2114 1317 Junoue
2152 1241 2434 1344 loquuta
2454 1299 2474 1332 ,

792 1359 1165 1461 Tisiphone
1201 1387 1402 1434 canos
1425 1415 1443 1446 ,
1481 1377 1561 1433 ut
1589 1377 1732 1433 erat
1760 1359 2024 1434 turbata
2044 1414 2063 1447 ,
2100 1358 2378 1461 capillos

793 1478 1055 1565 Movit,
1095 1495 1164 1551 et
1197 1477 1537 1551 obstantes
1570 1475 1798 1574 rejecit
1826 1475 1912 1549 ab
1939 1504 2054 1551 ore
2092 1474 2422 1551 colubras,

791 1601 1022 1702 Atque
1056 1601 1149 1675 ita
1170 1656 1189 1688 ,
1232 1634 1266 1665 «
1304 1602 1453 1673 Non
1489 1596 1711 1694 longis
1744 1627 1918 1701 opus
1952 1617 2054 1673 est
2086 1599 2517 1696 ambagibus,
2553 1578 2729 1674 infitss
2821 1620 2906 1690 475

800 1757 839 1790 >›
878 1726 1076 1798 Facta
1109 1740 1310 1825 puta,
1351 1749 1779 1823 quacumque
1812 1721 2008 1821 jubes
2042 1751 2058 1794 ε
2090 1720 2443 1796 inamabile
2470 1750 2753 1819 regnum

798 1879 836 1914 >2
877 1848 1159 1933 Desere;
1194 1863 1392 1946 teque
1424 1844 1595 1920 refer
1625 1843 1764 1920 caeli
1798 1843 2090 1919 melioris
2122 1844 2207 1919 ad
2240 1874 2449 1921 auras».
2486 1878 2522 1910 >³

890 1973 1069 2045 Laeta
1102 1970 1278 2045 redit
1304 1971 1530 2059 Juno;
1572 1996 1769 2071 quam
1801 1969 2035 2044 caelum
2068 1970 2314 2045 intrare
2346 1988 2688 2073 parantem

795 2094 1068 2169 Roratis
1102 2092 1411 2168 lustravit
1441 2093 1635 2194 aquis
1665 2092 2141 2168 Thaumantias
2172 2095 2319 2168 Iris.

788 2219 930 2294 Nec
963 2246 1188 2305 mora;
1227 2216 1600 2318 Tisiphone
1633 2216 2063 2293 madefactam
2095 2217 2415 2315 sanguine
2447 2217 2653 2293 sumit
2814 2238 2898 2306 480

785 2417 845 2469 in
867 2417 1005 2485 ipsos
1028 2414 1187 2468 Deos.
1209 2415 1455 2482 ——Begtia
1479 2433 1605 2469 eum
1626 2418 1803 2480 habet,

784 2494 986 2548 habitat
1007 2495 1063 2547 in
1086 2492 1242 2561 regia.
1273 2520 1342 2534 --
1363 2497 1552 2555 Dives.
1587 2494 1808 2564 magni-

787 2573 888 2627 fica
913 2611 928 2638 ,
963 2571 1170 2641 egregie
1205 2570 1475 2625 instructa.
1503 2569 1806 2625 Commode

789 2664 969 2706 autem
992 2669 1022 2703 a
1044 2651 1259 2722 Sisypho
1280 2650 1527 2705 transitus
1539 2649 1603 2704 fit
1625 2648 1692 2703 ad
1708 2651 1808 2704 iti-

787 2730 932 2786 neris
949 2728 1242 2784 consilium.

854 2809 969 2882 469.
1002 2811 1154 2875 Quod
1177 2810 1342 2863 vellet.
1384 2804 1568 2861 Codex
1605 2806 1805 2877 Regius

786 2887 835 2943 B
849 2926 864 2953 ,
882 2891 1017 2957 qnid.
1039 2915 1106 2928 —
1128 2889 1206 2941 Ne
1219 2892 1356 2955 regia
1379 2888 1566 2940 Cadus·
1579 2885 1770 2941 domus
1786 2925 1803 2954 ‚

786 2985 818 3019 e
854 2984 959 3035 qua
999 2966 1129 3032 Ino,
1170 2963 1402 3018 floreret.
1431 2965 1670 3018 -Stant
1688 2983 1807 3035 quo

788 3042 1101 3112 dignitatem
1122 3052 1175 3095 et
1191 3043 1425 3096 fortunas
1437 3062 1554 3097 suas
1570 3053 1806 3097 tuentur.

787 3123 913 3178 Non
931 3122 1068 3174 bene
1089 3117 1241 3174 Rode
1257 3158 1274 3184 ,
1306 3123 1494 3173 Cadmi
1502 3123 1807 3189 Bur-‘sollte

785 3201 933 3252 nicht
948 3199 1122 3250 slehen
1138 3200 1345 3249 bleibeae.
1371 3197 1534 3251 Aroes
1561 3197 1805 3252 demoliri

784 3296 893 3333 non
916 3275 1154 3331 solebant
1178 3275 1800 3342 Eumenides—samm,

783 3357 996 3412 Furia:
1023 3353 1141 3408 vide
1160 3354 1457 3409 Heinsium.
1479 3383 1547 3396 ·—
1568 3356 1806 3424 Confun-

786 3440 916 3497 deoe,
937 3433 1086 3504 plura
1103 3434 1260 3489 simul
1272 3434 1509 3503 proferre
1525 3443 1617 3487 aut
1635 3452 1805 3505 agere.

784 3515 877 3570 Sic
893 3526 947 3569 et
960 3519 1180 3568 miscete.
1198 3513 1335 3568 Plin.
1355 3515 1421 3575 V,
1441 3513 1538 3584 Ep.
1555 3529 1663 3566 vul
1676 3553 1691 3580 ,
1714 3534 1733 3565 ι
1748 3534 1767 3567 ι
1787 3531 1803 3566 2

780 3599 842 3647 u!
851 3596 1127 3647 assimilia
1140 3590 1448 3659 confinalem
1458 3595 1802 3660 artiumque.

848 3673 963 3740 473.
991 3674 1260 3739 Τιίςῴἇοιε
1270 3689 1444 3734 canos,
1460 3678 1519 3723 ut
1533 3677 1659 3723 erat.
1691 3668 1805 3723 Co·-

784 3749 886 3802 dex
896 3747 1367 3818 Regius,mendosa
1376 3747 1799 3818 transpositione,

779 3837 1000 3897 propter
1021 3837 1253 3880 metrum
1272 3865 1288 3894 ,
1322 3827 1592 3894 Tisiphone
1613 3834 1673 3879 ut
1693 3832 1806 3879 erat

778 3924 954 3959 canos.
981 3903 1163 3958 Ed.—
1185 3907 1429 3969 Turbata,
1456 3904 1648 3975 quippe
1677 3923 1803 3974 pec-

781 3983 948 4039 tendo
985 3982 1195 4053 capillos
1231 3982 1287 4037 in
1336 4001 1395 4037 os
1441 3981 1801 4053 dependentes

780 4071 1044 4128 occupata.
1084 4060 1167 4115 De
1205 4061 1431 4116 formula
1459 4071 1518 4116 ut
1549 4069 1663 4116 erat
1682 4070 1801 4116 tur—

781 4140 933 4199 bata,
967 4138 1086 4192 vide
1117 4139 1180 4192 ad
1225 4139 1280 4194 11
1300 4179 1316 4205 ,
1358 4161 1452 4210 ²72
1479 4162 1493 4205 ς
1530 4140 1703 4194 Tibul.
1730 4142 1756 4196 1
1781 4180 1797 4208 ,

778 4229 881 4280 ιιι,
916 4233 1011 4287 9¹³
1049 4215 1115 4269 ad
1149 4217 1377 4285 puellam
1402 4256 1418 4285 ,
1459 4222 1626 4287 quales
1657 4223 1758 4271 eris·
1780 4258 1795 4281 ,

774 4293 956 4359 longos
968 4295 1172 4345 laetbala
1177 4298 1408 4360 capillos.
1417 4322 1488 4335 ·-
1502 4297 1793 4361 Obstantes,

1902 2436 2062 2487 super
2082 2435 2141 2473 os
2159 2415 2537 2487 dependentes.
2552 2445 2620 2458 —
2635 2419 2901 2486 Rejecita}

1901 2514 1986 2548 ore
2004 2499 2251 2549 colubras.
2280 2493 2464 2549 Codex
2489 2496 2538 2549 A
2574 2496 2647 2550 ita
2681 2495 2801 2563 dat,
2823 2516 2899 2551 co·

1899 2577 2073 2626 lubra:
2102 2573 2280 2641 rejeci!
2300 2579 2368 2628 ab
2388 2593 2506 2641 ore,·
2547 2574 2681 2629 nihil
2715 2576 2867 2629 refert
2882 2613 2897 2638 ,

1902 2651 2003 2705 nisi
2026 2651 2170 2721 quod
2185 2652 2362 2707 miuus
2383 2655 2554 2709 suavis
2608 2665 2629 2709 t
2652 2653 2897 2724 grantec-

1901 2727 1991 2781 tio.
2019 2731 2120 2781 Ed.
2135 2756 2203 2769 ·—
2218 2730 2447 2799 Besae-H,
2473 2731 2529 2785 in
2672 2750 2763 2785 um
2780 2747 2899 2801 pro-

1901 2808 2041 2877 jecit.
2066 2809 2307 2864 Imitatus
2331 2821 2410 2865 est
2436 2809 2628 2865 Claudi
2734 2813 2787 2866 in
2806 2810 2898 2865 Ru-

1902 2887 1995 2943 fin.
2019 2891 2045 2944 1
2063 2928 2079 2954 ,
2105 2892 2197 2957 42:
2211 2891 2398 2946 Alecto
2477 2895 2737 2946 obstantes
2750 2896 2801 2944 ἐι
2811 2897 2900 2945 ter-

1894 2987 2015 3037 ‘aa
2033 2972 2249 3036 reppuli!
2257 2988 2463 3038 angues.
2474 2970 2722 3038 —Atque
2730 2974 2803 3023 ita
2815 2977 2898 3022 etr..

1910 3045 2046 3099 Alias
2058 3046 2146 3101 Dii
2158 3046 2392 3102 minores
2404 3048 2599 3116 aliquid
2612 3050 2778 3102 facere
2790 3044 2899 3115 jussi

1901 3141 2011 3176 non
2036 3123 2359 3194 respondent
2376 3162 2392 3191 ,
2421 3123 2514 3178 sed
2549 3126 2728 3179 statim
2759 3142 2899 3178 exse-

1901 3212 2140 3271 quuntur
2160 3201 2422 3257 mandata.
2461 3202 2547 3256 Ab
2568 3202 2667 3259 hae
2687 3204 2793 3273 lege
2813 3218 2900 3253 re-

1899 3278 2039 3333 cedit
2061 3279 2373 3351 Tisiphone.
2398 3307 2466 3320 —
2484 3282 2609 3351 Infit
2627 3300 2659 3334 e
2682 3276 2899 3334 meando

1901 3356 2176 3423 Palatino,
2213 3377 2311 3428 pro
2342 3363 2507 3428 inque?
2535 3359 2784 3413 Heinsius
2814 3358 2899 3411 in-

1897 3434 2051 3489 vexit.
2089 3434 2313 3492 Codices
2335 3438 2500 3493 nostri
2528 3437 2684 3508 Regii
2701 3478 2717 3505 ,
2738 3440 2899 3507 inqut

1900 3516 2283 3582 —Iaeamabe'le,
2300 3517 2541 3592 c'sue'poestw
2552 3555 2569 3583 ,
2590 3518 2796 3593 dereptis,
2812 3514 2901 3568 de-

1899 3593 2131 3649 testabile
2153 3633 2169 3661 ‚
2194 3593 2453 3648 odiosum.
2496 3595 2684 3666 Vin-gil.
2720 3594 2898 3663 Georg-

1900 3670 2001 3738 IV,
2026 3674 2152 3745 479,
2170 3677 2328 3741 palus
2346 3678 2655 3728 inamabilis.

1962 3751 2076 3822 479.
2102 3754 2225 3814 anr,
2260 3751 2609 3807 Thaumantis
2644 3752 2779 3818 filia,
2802 3751 2901 3804 Ju-

1896 3843 2100 3880 nonem
2135 3848 2197 3881 ex
2233 3829 2444 3883 inferno
2476 3827 2787 3884 redeuntem
2799 3832 2899 3881 lus*

1897 3911 2013 3965 Ital.
2052 3905 2105 3958 id
2121 3917 2219 3974 est,
2236 3918 2443 3978 purgat,
2462 3907 2610 3977 aquis
2622 3909 2740 3963 suis.
2759 3905 2899 3961 Cor*-

1895 3982 2051 4038 nibus
2069 3985 2215 4038 enim
2237 3985 2342 4041 suis
2357 4004 2549 4055 aquam
2568 3986 2775 4040 haurire
2793 4003 2900 4038 cne-

1896 4059 2135 4117 debatur.
2167 4065 2224 4132 Ι,
2252 4084 2362 4135 ²7¹·
2386 4093 2454 4106 -
2477 4067 2694 4118 Rotalis·
2719 4068 2856 4133 quit
2874 4102 2888 4123 .

1895 4158 2016 4194 rore
2035 4179 2051 4205 ,
2097 4160 2230 4211 aqua
2265 4153 2523 4212 quatenus
2566 4142 2855 4197 infunditur
2881 4160 2895 4193 ι

1898 4218 2036 4272 Vide
2059 4220 2125 4273 ad
2152 4221 2178 4274 1
2195 4259 2211 4287 ‚
2236 4221 2351 4291 371.

1960 4300 2073 4365 480.
2093 4303 2203 4355 Nec
2222 4318 2398 4365 norm·
2436 4303 2707 4369 Tisiphone
2724 4301 2897 4354 nale-
