3217 5134
831 550 967 636 314

1399 556 1479 620 P.
1540 554 1895 624 OVIDII
1952 554 2410 624 NASONIS

832 691 1151 765 Deseruit
1178 691 1435 792 patrios
1451 722 1473 791 ‚3
1506 691 1758 794 Idaque
1794 692 2019 768 altrice
2044 690 2275 768 relicta

833 807 1097 904 Ignotis
1129 835 1342 883 errare
1371 806 1572 897 locis,
1609 810 1841 905 ignota
1870 808 2090 884 videre

832 923 1143 998 Flumina
1175 923 1504 1021 gaudebat
1526 981 1546 1014 ‚
1583 924 1810 1000 studio
1844 924 2183 1001 minuente
2217 924 2540 1001 laborem.

826 1040 947 1115 Ille
982 1041 1176 1116 etiam
1205 1044 1438 1144 Lycias
1467 1043 1671 1117 urbes
1690 1099 1710 1131 ‚
1748 1041 2092 1144 Lyciaeque
2123 1041 2545 1143 propinquos

834 1159 1038 1233 Caras
1079 1158 1218 1233 adit
1246 1189 1263 1233 z
1291 1158 1472 1233 videt
1500 1158 1613 1232 hic
1645 1176 1949 1254 stagnum
1985 1157 2269 1232 lucentis
2303 1156 2387 1231 ad
2422 1159 2630 1231 imum

835 1275 1069 1375 Usque
1106 1272 1326 1347 solum
1362 1272 1648 1376 lymphae
1677 1303 1694 1349 ε
1720 1303 1858 1350 non
1886 1272 2024 1348 illic
2059 1301 2265 1348 canna
2297 1273 2661 1391 palustris.

832 1391 975 1463 Nec
1009 1389 1266 1464 steriles
1298 1388 1465 1464 ulvae
1484 1447 1504 1480 ‚
1541 1418 1663 1465 nec
1702 1408 1894 1466 acuta
1927 1389 2203 1492 cuspide
2233 1390 2458 1488 junci;

832 1504 1234 1606 Perspicuus
1268 1503 1494 1608 liquor
1522 1525 1623 1581 est
1652 1536 1669 1581 :
1701 1507 1920 1603 stagni
1950 1523 2169 1582 tamen
2202 1504 2438 1581 ultima
2471 1506 2622 1580 vivo

2865 1528 2954 1581 3⁰0

838 1619 1104 1721 Cespite
1138 1619 1538 1716 cinguntur,
1574 1650 1965 1724 semperque
1998 1621 2371 1696 virentibus
2403 1621 2653 1695 herbis.

835 1735 1145 1836 Nympha
1178 1735 1342 1810 colit
1371 1735 1532 1812 :sed
1560 1766 1686 1813 nec
1718 1739 2068 1813 venatibus
2099 1755 2288 1841 apta,
2328 1767 2452 1813 nec
2484 1765 2677 1813 arcus

839 1848 1132 1926 Flectere
1168 1880 1314 1953 quae
1347 1852 1595 1943 soleat,
1631 1881 1754 1929 nec
1790 1882 1936 1956 quae
1969 1851 2370 1927 contendere
2405 1880 2643 1940 cursu;

840 1964 1131 2069 Solaque
1165 1968 1492 2043 Naiadum
1526 1968 1723 2045 celeri
1754 1999 1897 2043 non
1926 1987 2089 2044 nota
2117 1968 2368 2044 Dianae.

839 2083 1024 2184 Saepe
1057 2112 1209 2159 suas
1242 2083 1342 2158 illi
1372 2085 1545 2160 fama
1577 2103 1677 2160 est
1713 2084 1955 2161 dixisse
1995 2113 2297 2160 sorores:

2865 2100 2953 2155 305

848 2232 886 2265 «
927 2197 1242 2290 Salmaci,
1273 2201 1376 2276 vel
1407 2200 1697 2301 jaculum
1719 2258 1739 2291 ,
1774 2200 1878 2275 vel
1908 2201 2122 2303 pictas
2155 2226 2340 2274 sume
2373 2197 2748 2300 pharetras3

838 2388 963 2432 nos.
997 2369 1195 2440 phrasis
1228 2371 1284 2424 in
1307 2371 1469 2426 titulis
1490 2372 1862 2443 sepulcralibus

840 2446 1022 2512 obvia,
1050 2458 1268 2501 notante
1294 2450 1624 2503 But-manno.
1659 2477 1727 2489 -
1748 2452 1861 2504 ΑΙ-

841 2527 992 2577 !n'ces
1014 2535 1068 2578 et
1089 2530 1308 2579 nntre‘ces
1325 2525 1573 2581 dicuntur
1595 2537 1749 2581 terre
1767 2566 1782 2594 ,
1803 2527 1860 2580 in

842 2602 1030 2669 quibus
1055 2602 1170 2671 quis
1194 2602 1442 2657 educatus
1467 2613 1561 2657 est.
1601 2603 1682 2656 Ex
1710 2622 1861 2657 more

844 2680 1110 2736 Ovidiano
1132 2681 1353 2737 debebat
1368 2704 1499 2751 esse,
1516 2687 1864 2752 mutilusque

841 2763 1032 2815 rem-lis
1045 2801 1061 2824 ‚
1099 2760 1195 2815 sed
1223 2761 1437 2816 variavit
1460 2763 1774 2816 orationem.
1797 2788 1865 2802 —

843 2841 1078 2892 Hm‘aea
1128 2838 1318 2892 diserte
1373 2849 1866 2894 commemorantur

845 2927 1061 2988 propter
1076 2917 1176 2970 sab.
1188 2935 1294 2986 seq.
1309 2937 1324 2982 3
1340 2920 1586 2981 studeam,
1611 2917 1866 2988 cupiditas

844 2994 1048 3049 visendi
1078 2995 1190 3050 loca
1216 2996 1429 3066 ignota,
1470 3014 1588 3066 qua
1626 2996 1787 3050 etiam
1816 3015 1865 3048 v.

841 3076 1098 3140 gaudebat
1118 3074 1440 3142 exprimitur.
1475 3103 1544 3115 —
1565 3075 1862 3138 Hiaseaelef

847 3168 986 3203 unus
1009 3150 1242 3218 Heinsii,
1258 3151 1494 3219 fallente.
1518 3151 1658 3206 Vide
1681 3161 1867 3206 notam

851 3227 917 3281 ad
932 3247 1145 3282 versum
1167 3229 1490 3304 39.—c0dd.
1509 3232 1661 3300 Regii
1679 3231 1866 3300 nostri,

849 3312 1115 3361 manente.
1159 3309 1280 3364 Hoc
1321 3310 1542 3363 verbum
1590 3308 1828 3364 additum
1848 3348 1865 3376 ,

851 3384 974 3455 quia
995 3386 1248 3455 puel-'ille
1285 3405 1398 3441 non
1433 3386 1536 3440 nisi
1565 3386 1871 3457 quindecim

853 3482 1135 3519 annorum.
1171 3492 1240 3508 ·-
1277 3467 1526 3520 lebona
1547 3504 1565 3529 ‚
1607 3465 1870 3521 molestias

851 3542 1124 3598 itinerum.

919 3643 1032 3695 297.
1075 3627 1230 3677 Videt
1261 3626 1347 3678 Νι·
1381 3631 1616 3693 πίομαι
1638 3632 1735 3677 etc.
1760 3621 1873 3675 Vi-

852 3701 1055 3756 truvius
1075 3742 1091 3770 ,
1126 3702 1266 3757 dicto
1290 3703 1436 3765 loco;
1461 3711 1541 3757 es!
1564 3705 1679 3771 ejus
1700 3702 1874 3771 sontis

843 3783 1360 3847 poteslaspeducida.
1377 3780 1438 3834 ld
1455 3781 1726 3834 exornavit
1746 3781 1871 3833 Nos·

856 3866 938 3909 ter
962 3875 975 3911 z
997 3857 1061 3911 cs.
1091 3858 1175 3924 V,
1204 3857 1328 3921 5883
1357 3856 1544 3911 Claud.
1574 3872 1749 3923 xxxv,
1781 3858 1873 3923 114

854 3953 967 4004 sqq.
985 3975 1001 4002 ,
1023 3935 1113 3989 ubi
1129 3934 1509 4005 elegantissime
1526 3974 1542 4003 ‚
1564 3938 1803 3997 adn-mil,
1819 3940 1874 3988 in

854 4016 1013 4066 ellan
1038 4015 1303 4067 Cernentes
1327 4017 1502 4067 oculos
1515 4054 1531 4075 ,
1553 4019 1607 4066 e!
1625 4014 1731 4066 late
1744 4032 1875 4081 per—

860 4095 969 4143 n'aes
995 4094 1173 4145 honor
1192 4094 1355 4146 Duce'!
1375 4090 1660 4161 inoffensos
1684 4093 1877 4161 liquido

859 4172 952 4220 sub
975 4177 1170 4239 gutp‘te
1198 4176 1361 4234 ultus,
1399 4174 1606 4239 Imaque
1623 4175 1884 4238 perspicui

850 4249 1025 4311 pmdit
1054 4255 1246 4302 secreta
1264 4246 1521 4315 pmsunde'.
1545 4248 1619 4302 Et
1639 4267 1734 4318 par
1763 4257 1877 4303 erat

860 4321 962 4376 hoc
990 4323 1106 4378 loco
1139 4326 1560 4395 perspicuitatem
1595 4325 1738 4381 illam
1770 4326 1878 4381 de-

1954 2372 2181 2427 scribere
2194 2379 2412 2440 propter
2424 2369 2523 2436 354
2531 2369 2759 2440 sqq-Sed
2772 2379 2953 2441 postsu·

1957 2450 2165 2521 periora
2187 2449 2414 2503 otiosum
2416 2451 2955 2517 perspoeuusliqmest.

2023 2529 2138 2581 302.
2180 2529 2416 2600 Nympha
2450 2530 2578 2579 colit
2597 2546 2613 2579 .·
2636 2527 2738 2579 sed
2751 2545 2840 2579 nec
2869 2535 2953 2579 etc.

1959 2606 2211 2676 Sequitur
2237 2604 2382 2659 locus
2414 2604 2533 2658 satis
2555 2613 2807 2658 venustus
2829 2644 2845 2670 ,
2882 2602 2954 2673 qui

1958 2682 2165 2754 egregie
2189 2681 2358 2752 pingit
2379 2680 2658 2751 ingenium
2677 2691 2732 2734 et
2747 2680 2951 2735 studium

1960 2761 2147 2830 puelle
2173 2759 2344 2813 mollis
2365 2799 2381 2828 ,
2405 2757 2458 2812 id
2476 2777 2649 2813 unum
2675 2760 2888 2829 agentis,
2907 2767 2956 2809 ut

1961 2840 2177 2910 placeat.
2202 2836 2472 2892 Contrarii
2498 2856 2679 2891 mores
2701 2836 2956 2907 inlmes,

1964 2918 2024 2983 1,
2052 2919 2148 2987 475
2172 2934 2283 2985 sqq.
2304 2955 2319 2982 ‚
2359 2925 2413 2968 et
2449 2912 2733 2981 Callistus,
2759 2914 2846 2980 11,
2878 2915 2952 2979 4¹¹

1961 3015 2073 3065 sqq.
2098 3021 2165 3037 ·-·
2185 2994 2465 3065 Oppositio
2486 3004 2564 3047 est
2584 2994 2643 3047 in
2667 3001 2792 3062 apta
2808 3003 2858 3046 et
2873 3010 2959 3060 qn

1961 3078 2152 3134 soleat,
2187 3091 2416 3142 quorum
2439 3070 2569 3125 illud
2603 3071 2676 3125 ad
2706 3081 2956 3131 naturam,

1962 3153 2067 3208 hoe
2091 3153 2155 3207 ad
2180 3153 2609 3208 exercitationem
2632 3149 2959 3206 referendum·

1962 3258 2031 3274 ·-
2045 3232 2350 3285 Coulendere
2373 3248 2523 3283 cursu
2538 3248 2665 3283 eum
2681 3227 2804 3282 seris
2817 3267 2832 3294 ,
2844 3220 2959 3296 quoa

1966 3320 2021 3365 et
2036 3311 2209 3381 ipsum
2226 3308 2506 3364 venatricis
2523 3319 2620 3363 est.
2640 3309 2781 3362 Plin.
2798 3307 2962 3372 Paneg-

1964 3393 1999 3446 8
2006 3412 2025 3444 1
2047 3408 2061 3443 ε
2077 3397 2267 3444 certam
2279 3387 2818 3457 cmsueace'bussenlr
2827 3399 2962 3438 cam-

1966 3469 2157 3523 Horat.
2177 3467 2201 3521 1
2222 3507 2237 3534 ‚
2264 3466 2363 3536 Ep.
2388 3481 2535 3519 xvnr
2555 3504 2572 3531 ,
2611 3471 2670 3520 51
2703 3478 2963 3518 :cumu-

1956 3564 2137 3613 μεν-αντ
2156 3563 2356 3606 ωιτη,
2390 3547 2478 3597 vel
2494 3546 2689 3597 w‘n'bns
2710 3559 2886 3610 qna.
2907 3563 2967 3575 ·-

1969 3622 2103 3677 Inde
2145 3631 2200 3677 et
2228 3622 2506 3691 subjicitur
2542 3624 2705 3674 celen‘
2730 3638 2827 3673 m
2862 3620 2966 3668 ule

1967 3701 2167 3753 Dione.
2188 3699 2359 3752 Nimis
2376 3698 2543 3751 ferme
2561 3694 2965 3750 cnmtdavitver·

1966 3778 2048 3831 ba.
2082 3805 2149 3818 -
2170 3776 2456 3831 Dubitabat
2481 3775 2737 3830 Heinsius
2770 3791 2837 3827 an
2868 3785 2963 3823 uon

1967 3866 2236 3926 prastaret
2253 3875 2353 3909 non
2370 3861 2491 3908 wta
2510 3849 2969 3918 Dicam—Quam

1967 3932 2251 3987 lectionem
2274 3931 2403 3986 dant
2433 3931 2603 3986 nostri
2628 3930 2797 4001 Regii.

2036 4012 2152 4066 305.
2187 4013 2324 4082 Saepc
2353 4030 2478 4064 snas
2512 4010 2617 4063 illa.
2668 4004 2843 4063 Nostri
2870 3999 2975 4055 Co-

1971 4090 2112 4145 dices
2130 4091 2328 4145 habent
2339 4094 2429 4144 ille·
2438 4091 2630 4144 rectius
2648 4100 2789 4143 oerte
2805 4096 2854 4139 et
2868 4099 2973 4136 ser·

1970 4171 2145 4225 monis
2169 4173 2367 4241 legibus
2390 4172 2576 4241 aptius.
2598 4173 2700 4223 Ed.
2714 4167 2977 4220 —Jutnn-

1972 4250 2105 4323 dum
2146 4261 2224 4305 est
2250 4291 2266 4316 ,
2309 4248 2453 4320 quod
2495 4268 2701 4303 sorores
2740 4246 2854 4316 ipse
2886 4241 2977 4293 lo·-

1974 4339 2199 4399 quentes
2218 4328 2547 4384 inducuntur
2560 4366 2579 4396 ,
2596 4336 2652 4382 et
2673 4322 2811 4397 quod
2828 4319 2985 4375 verba
