<?xml version="1.0" encoding="UTF-8"?>
<!DOCTYPE html PUBLIC "-//W3C//DTD XHTML 1.0 Transitional//EN"
    "http://www.w3.org/TR/xhtml1/DTD/xhtml1-transitional.dtd">
<html xmlns="http://www.w3.org/1999/xhtml" xml:lang="en" lang="en">
 <head>
  <title>
</title>
<meta http-equiv="Content-Type" content="text/html;charset=utf-8" />
  <meta name='ocr-system' content='tesseract 3.04.00' />
  <meta name='ocr-capabilities' content='ocr_page ocr_carea ocr_par ocr_line ocrx_word'/>
</head>
<body>
  <div class='ocr_page' id='page_1' title='image "./publiusovidiusn01giergoog/publiusovidiusn01giergoog_0509.png"; bbox 0 0 3217 5134; ppageno 0'>
   <div class='ocr_carea' id='block_1_1' title="bbox 619 512 2068 586">
    <p class='ocr_par' dir='ltr' id='par_1_1' title="bbox 619 512 2068 586">
     <span class='ocr_line' id='line_1_1' title="bbox 619 512 2068 586; baseline 0.003 -5"><span class='ocrx_word' id='word_1_1' title='bbox 619 512 1646 583; x_wconf 87' lang='lat' dir='ltr'><strong>METAMORPHOSEON</strong></span> <span class='ocrx_word' id='word_1_2' title='bbox 1690 517 1790 583; x_wconf 91' lang='lat' dir='ltr'>LI</span> <span class='ocrx_word' id='word_1_3' title='bbox 1809 520 1885 585; x_wconf 91' lang='grc' dir='ltr'>Β.</span> <span class='ocrx_word' id='word_1_4' title='bbox 1927 518 2068 586; x_wconf 87' lang='lat' dir='ltr'>VI.</span> 
     </span>
    </p>
   </div>
   <div class='ocr_carea' id='block_1_2' title="bbox 2282 520 2444 622">
    <p class='ocr_par' dir='ltr' id='par_1_2' title="bbox 2282 520 2444 622">
     <span class='ocr_line' id='line_1_2' title="bbox 2282 520 2444 622; baseline 0.099 -17"><span class='ocrx_word' id='word_1_5' title='bbox 2282 520 2444 622; x_wconf 79' lang='grc'>467,</span> 
     </span>
    </p>
   </div>
   <div class='ocr_carea' id='block_1_3' title="bbox 296 651 2422 1449">
    <p class='ocr_par' dir='ltr' id='par_1_3' title="bbox 296 651 2320 870">
     <span class='ocr_line' id='line_1_3' title="bbox 296 651 2320 755; baseline 0.004 -29"><span class='ocrx_word' id='word_1_6' title='bbox 296 651 635 752; x_wconf 80' lang='lat' dir='ltr'><strong>Tantaque</strong></span> <span class='ocrx_word' id='word_1_7' title='bbox 667 681 809 725; x_wconf 83' lang='lat' dir='ltr'>nox</span> <span class='ocrx_word' id='word_1_8' title='bbox 838 652 1043 726; x_wconf 90' lang='lat' dir='ltr'>animi</span> <span class='ocrx_word' id='word_1_9' title='bbox 1072 669 1208 740; x_wconf 86' lang='lat' dir='ltr'>est,</span> <span class='ocrx_word' id='word_1_10' title='bbox 1252 685 1289 718; x_wconf 87' lang='grc'>«</span> <span class='ocrx_word' id='word_1_11' title='bbox 1327 655 1478 755; x_wconf 86' lang='lat' dir='ltr'>Ityn</span> <span class='ocrx_word' id='word_1_12' title='bbox 1513 653 1646 728; x_wconf 90' lang='lat' dir='ltr'>huc</span> <span class='ocrx_word' id='word_1_13' title='bbox 1683 655 1985 731; x_wconf 86' lang='lat' dir='ltr'>arcessite</span> <span class='ocrx_word' id='word_1_14' title='bbox 2007 714 2027 747; x_wconf 87' lang='lat'>,</span> <span class='ocrx_word' id='word_1_15' title='bbox 2060 691 2095 724; x_wconf 88' lang='lat'>»</span> <span class='ocrx_word' id='word_1_16' title='bbox 2134 659 2320 733; x_wconf 82' lang='lat' dir='ltr'>dixit.</span> 
     </span>
     <span class='ocr_line' id='line_1_4' title="bbox 298 767 1925 870; baseline 0.002 -29"><span class='ocrx_word' id='word_1_17' title='bbox 298 767 727 842; x_wconf 88' lang='lat' dir='ltr'>Dissimulare</span> <span class='ocrx_word' id='word_1_18' title='bbox 762 769 999 870; x_wconf 89' lang='lat' dir='ltr'>nequit</span> <span class='ocrx_word' id='word_1_19' title='bbox 1031 767 1320 843; x_wconf 83' lang='lat' dir='ltr'>crudelia</span> <span class='ocrx_word' id='word_1_20' title='bbox 1353 769 1589 865; x_wconf 83' lang='lat' dir='ltr'>gaudia</span> <span class='ocrx_word' id='word_1_21' title='bbox 1625 771 1884 845; x_wconf 88' lang='lat' dir='ltr'>Procne</span> <span class='ocrx_word' id='word_1_22' title='bbox 1906 827 1925 860; x_wconf 86' lang='lat'><strong>,</strong></span> 
     </span>
    </p>

    <p class='ocr_par' dir='ltr' id='par_1_4' title="bbox 300 883 1952 985">
     <span class='ocr_line' id='line_1_5' title="bbox 300 883 1952 985; baseline 0.002 -29"><span class='ocrx_word' id='word_1_23' title='bbox 300 885 576 984; x_wconf 81' lang='lat' dir='ltr'><strong>Jamque</strong></span> <span class='ocrx_word' id='word_1_24' title='bbox 612 911 746 958; x_wconf 82' lang='lat' dir='ltr'>suae</span> <span class='ocrx_word' id='word_1_25' title='bbox 781 884 1054 985; x_wconf 88' lang='lat' dir='ltr'>cupiens</span> <span class='ocrx_word' id='word_1_26' title='bbox 1087 884 1397 958; x_wconf 77' lang='lat' dir='ltr'>exsistere</span> <span class='ocrx_word' id='word_1_27' title='bbox 1431 886 1669 959; x_wconf 91' lang='lat' dir='ltr'>nuntia</span> <span class='ocrx_word' id='word_1_28' title='bbox 1699 883 1904 959; x_wconf 91' lang='lat' dir='ltr'>cladis</span> <span class='ocrx_word' id='word_1_29' title='bbox 1934 914 1952 973; x_wconf 90' lang='lat'>;</span> 
     </span>
    </p>

    <p class='ocr_par' dir='ltr' id='par_1_5' title="bbox 302 999 2422 1333">
     <span class='ocr_line' id='line_1_6' title="bbox 307 999 2422 1103; baseline 0.002 -31"><span class='ocrx_word' id='word_1_30' title='bbox 307 1032 340 1066; x_wconf 71' lang='grc' dir='ltr'>«ε</span> <span class='ocrx_word' id='word_1_31' title='bbox 375 1002 566 1073; x_wconf 86' lang='lat' dir='ltr'>Intus</span> <span class='ocrx_word' id='word_1_32' title='bbox 597 999 840 1088; x_wconf 87' lang='lat' dir='ltr'>habes,</span> <span class='ocrx_word' id='word_1_33' title='bbox 873 1000 1054 1101; x_wconf 89' lang='lat' dir='ltr'>quod</span> <span class='ocrx_word' id='word_1_34' title='bbox 1085 1000 1308 1101; x_wconf 86' lang='lat' dir='ltr'>poscis</span> <span class='ocrx_word' id='word_1_35' title='bbox 1329 1055 1348 1087; x_wconf 89' lang='lat'><strong>‚</strong></span> <span class='ocrx_word' id='word_1_36' title='bbox 1385 1033 1419 1064; x_wconf 66' lang='grc' dir='ltr'>»ι</span> <span class='ocrx_word' id='word_1_37' title='bbox 1452 1000 1582 1073; x_wconf 86' lang='lat' dir='ltr'>ait:</span> <span class='ocrx_word' id='word_1_38' title='bbox 1625 1000 2072 1103; x_wconf 84' lang='lat' dir='ltr'>circumspicit</span> <span class='ocrx_word' id='word_1_39' title='bbox 2105 999 2217 1077; x_wconf 88' lang='lat' dir='ltr'>ille</span> <span class='ocrx_word' id='word_1_40' title='bbox 2239 1058 2258 1092; x_wconf 91' lang='lat'>‚</span> <span class='ocrx_word' id='word_1_41' title='bbox 2320 1026 2422 1078; x_wconf 72' lang='lat'>655</span> 
     </span>
     <span class='ocr_line' id='line_1_7' title="bbox 302 1114 2252 1218; baseline 0.001 -28"><span class='ocrx_word' id='word_1_42' title='bbox 302 1118 524 1218; x_wconf 81' lang='lat' dir='ltr'>Atque</span> <span class='ocrx_word' id='word_1_43' title='bbox 559 1117 683 1189; x_wconf 89' lang='lat' dir='ltr'>ubi</span> <span class='ocrx_word' id='word_1_44' title='bbox 720 1118 809 1191; x_wconf 86' lang='lat' dir='ltr'>sit</span> <span class='ocrx_word' id='word_1_45' title='bbox 838 1117 1111 1218; x_wconf 80' lang='lat' dir='ltr'>quaerit3</span> <span class='ocrx_word' id='word_1_46' title='bbox 1148 1116 1505 1216; x_wconf 64' lang='lat' dir='ltr'>quaerenti,</span> <span class='ocrx_word' id='word_1_47' title='bbox 1544 1114 1918 1218; x_wconf 86' lang='lat' dir='ltr'>iterumque</span> <span class='ocrx_word' id='word_1_48' title='bbox 1956 1118 2252 1210; x_wconf 84' lang='lat' dir='ltr'>vocanti,</span> 
     </span>
     <span class='ocr_line' id='line_1_8' title="bbox 307 1228 1738 1333; baseline -0.002 -27"><span class='ocrx_word' id='word_1_49' title='bbox 307 1232 492 1306; x_wconf 88' lang='lat' dir='ltr'>Sicut</span> <span class='ocrx_word' id='word_1_50' title='bbox 524 1250 664 1307; x_wconf 87' lang='lat' dir='ltr'>erat</span> <span class='ocrx_word' id='word_1_51' title='bbox 702 1232 948 1333; x_wconf 79' lang='lat' dir='ltr'>sparsis</span> <span class='ocrx_word' id='word_1_52' title='bbox 984 1230 1206 1304; x_wconf 64' lang='lat' dir='ltr'>fiiriali</span> <span class='ocrx_word' id='word_1_53' title='bbox 1241 1230 1411 1304; x_wconf 85' lang='lat' dir='ltr'>caede</span> <span class='ocrx_word' id='word_1_54' title='bbox 1445 1228 1738 1331; x_wconf 77' lang='lat' dir='ltr'>capilliS,</span> 
     </span>
    </p>

    <p class='ocr_par' dir='ltr' id='par_1_6' title="bbox 306 1344 2004 1449">
     <span class='ocr_line' id='line_1_9' title="bbox 306 1344 2004 1449; baseline 0 -28"><span class='ocrx_word' id='word_1_55' title='bbox 306 1346 639 1436; x_wconf 87' lang='lat' dir='ltr'>Prosiliit,</span> <span class='ocrx_word' id='word_1_56' title='bbox 677 1351 995 1449; x_wconf 79' lang='lat' dir='ltr'>Ityosque</span> <span class='ocrx_word' id='word_1_57' title='bbox 1030 1364 1231 1449; x_wconf 87' lang='lat' dir='ltr'>caput</span> <span class='ocrx_word' id='word_1_58' title='bbox 1256 1344 1626 1420; x_wconf 84' lang='lat' dir='ltr'>Philomela</span> <span class='ocrx_word' id='word_1_59' title='bbox 1661 1365 2004 1422; x_wconf 88' lang='lat' dir='ltr'>cruentum</span> 
     </span>
    </p>
   </div>
   <div class='ocr_carea' id='block_1_4' title="bbox 305 1468 1918 1571">
    <p class='ocr_par' dir='ltr' id='par_1_7' title="bbox 305 1468 1918 1571">
     <span class='ocr_line' id='line_1_10' title="bbox 305 1468 1918 1571; baseline 0 -28"><span class='ocrx_word' id='word_1_60' title='bbox 305 1470 493 1544; x_wconf 85' lang='lat' dir='ltr'>Misit</span> <span class='ocrx_word' id='word_1_61' title='bbox 522 1470 592 1542; x_wconf 90' lang='lat' dir='ltr'>in</span> <span class='ocrx_word' id='word_1_62' title='bbox 629 1497 743 1542; x_wconf 91' lang='lat' dir='ltr'>ora</span> <span class='ocrx_word' id='word_1_63' title='bbox 773 1468 946 1571; x_wconf 88' lang='lat' dir='ltr'>patri</span> <span class='ocrx_word' id='word_1_64' title='bbox 976 1496 1141 1543; x_wconf 90' lang='lat' dir='ltr'>:nec</span> <span class='ocrx_word' id='word_1_65' title='bbox 1179 1485 1474 1569; x_wconf 82' lang='lat' dir='ltr'>tempore</span> <span class='ocrx_word' id='word_1_66' title='bbox 1508 1468 1743 1543; x_wconf 88' lang='lat' dir='ltr'>maluit</span> <span class='ocrx_word' id='word_1_67' title='bbox 1778 1468 1918 1544; x_wconf 94' lang='lat' dir='ltr'>ullo</span> 
     </span>
    </p>
   </div>
   <div class='ocr_carea' id='block_1_5' title="bbox 310 1593 1940 1695">
    <p class='ocr_par' dir='ltr' id='par_1_8' title="bbox 310 1593 1940 1695">
     <span class='ocr_line' id='line_1_11' title="bbox 310 1593 1940 1695; baseline 0.001 -27"><span class='ocrx_word' id='word_1_68' title='bbox 310 1596 513 1669; x_wconf 88' lang='lat' dir='ltr'>Posse</span> <span class='ocrx_word' id='word_1_69' title='bbox 545 1594 769 1695; x_wconf 90' lang='lat' dir='ltr'>loqui,</span> <span class='ocrx_word' id='word_1_70' title='bbox 804 1611 873 1668; x_wconf 92' lang='lat' dir='ltr'>et</span> <span class='ocrx_word' id='word_1_71' title='bbox 903 1593 1155 1667; x_wconf 90' lang='lat' dir='ltr'>meritis</span> <span class='ocrx_word' id='word_1_72' title='bbox 1193 1593 1415 1668; x_wconf 87' lang='lat' dir='ltr'>testari</span> <span class='ocrx_word' id='word_1_73' title='bbox 1450 1593 1687 1689; x_wconf 84' lang='lat' dir='ltr'>gaudia</span> <span class='ocrx_word' id='word_1_74' title='bbox 1724 1594 1940 1669; x_wconf 88' lang='lat' dir='ltr'>dictis.</span> 
     </span>
    </p>
   </div>
   <div class='ocr_carea' id='block_1_6' title="bbox 2325 1623 2429 1675">
    <p class='ocr_par' dir='ltr' id='par_1_9' title="bbox 2325 1623 2429 1675">
     <span class='ocr_line' id='line_1_12' title="bbox 2325 1623 2429 1675; baseline -0.019 0"><span class='ocrx_word' id='word_1_75' title='bbox 2325 1623 2429 1675; x_wconf 74' lang='grc'>660</span> 
     </span>
    </p>
   </div>
   <div class='ocr_carea' id='block_1_7' title="bbox 306 1714 2055 2184">
    <p class='ocr_par' dir='ltr' id='par_1_10' title="bbox 306 1714 1864 1940">
     <span class='ocr_line' id='line_1_13' title="bbox 308 1714 1864 1818; baseline -0.001 -27"><span class='ocrx_word' id='word_1_76' title='bbox 308 1717 631 1791; x_wconf 84' lang='lat' dir='ltr'>Thracius</span> <span class='ocrx_word' id='word_1_77' title='bbox 660 1715 916 1812; x_wconf 82' lang='lat' dir='ltr'>ingenti</span> <span class='ocrx_word' id='word_1_78' title='bbox 949 1744 1209 1790; x_wconf 88' lang='lat' dir='ltr'>mensas</span> <span class='ocrx_word' id='word_1_79' title='bbox 1243 1714 1527 1790; x_wconf 88' lang='lat' dir='ltr'>clamore</span> <span class='ocrx_word' id='word_1_80' title='bbox 1557 1715 1823 1818; x_wconf 87' lang='lat' dir='ltr'>repellit</span> <span class='ocrx_word' id='word_1_81' title='bbox 1843 1773 1864 1807; x_wconf 85' lang='lat'>,</span> 
     </span>
     <span class='ocr_line' id='line_1_14' title="bbox 306 1836 1826 1940; baseline -0.001 -29"><span class='ocrx_word' id='word_1_82' title='bbox 306 1840 755 1940; x_wconf 85' lang='lat' dir='ltr'>Vipereasque</span> <span class='ocrx_word' id='word_1_83' title='bbox 788 1838 917 1913; x_wconf 90' lang='lat' dir='ltr'>ciet</span> <span class='ocrx_word' id='word_1_84' title='bbox 949 1838 1178 1937; x_wconf 84' lang='lat' dir='ltr'>Stygia</span> <span class='ocrx_word' id='word_1_85' title='bbox 1213 1836 1292 1910; x_wconf 84' lang='lat' dir='ltr'>de</span> <span class='ocrx_word' id='word_1_86' title='bbox 1321 1836 1489 1910; x_wconf 88' lang='lat' dir='ltr'>valle</span> <span class='ocrx_word' id='word_1_87' title='bbox 1521 1865 1826 1911; x_wconf 84' lang='lat' dir='ltr'>sorores:</span> 
     </span>
    </p>

    <p class='ocr_par' dir='ltr' id='par_1_11' title="bbox 308 1960 2055 2184">
     <span class='ocr_line' id='line_1_15' title="bbox 308 1960 1898 2066; baseline -0.001 -29"><span class='ocrx_word' id='word_1_88' title='bbox 308 1965 399 2037; x_wconf 87' lang='lat' dir='ltr'>Et</span> <span class='ocrx_word' id='word_1_89' title='bbox 428 1963 632 2037; x_wconf 90' lang='lat' dir='ltr'>modo</span> <span class='ocrx_word' id='word_1_90' title='bbox 653 2020 672 2050; x_wconf 88' lang='lat'>‚</span> <span class='ocrx_word' id='word_1_91' title='bbox 710 1963 767 2035; x_wconf 87' lang='lat' dir='ltr'>si</span> <span class='ocrx_word' id='word_1_92' title='bbox 802 1962 1057 2066; x_wconf 84' lang='lat' dir='ltr'>possit,</span> <span class='ocrx_word' id='word_1_93' title='bbox 1096 1978 1383 2034; x_wconf 86' lang='lat' dir='ltr'>reserato</span> <span class='ocrx_word' id='word_1_94' title='bbox 1418 1977 1686 2061; x_wconf 88' lang='lat' dir='ltr'>pectore</span> <span class='ocrx_word' id='word_1_95' title='bbox 1722 1960 1898 2035; x_wconf 90' lang='lat' dir='ltr'>diras</span> 
     </span>
     <span class='ocr_line' id='line_1_16' title="bbox 309 2082 2055 2184; baseline -0.001 -24"><span class='ocrx_word' id='word_1_96' title='bbox 309 2088 594 2182; x_wconf 85' lang='lat' dir='ltr'>Egerere</span> <span class='ocrx_word' id='word_1_97' title='bbox 624 2083 780 2157; x_wconf 90' lang='lat' dir='ltr'>inde</span> <span class='ocrx_word' id='word_1_98' title='bbox 815 2082 1048 2184; x_wconf 87' lang='lat' dir='ltr'>dapes,</span> <span class='ocrx_word' id='word_1_99' title='bbox 1080 2082 1503 2184; x_wconf 85' lang='lat' dir='ltr'>demersaque</span> <span class='ocrx_word' id='word_1_100' title='bbox 1538 2083 1785 2157; x_wconf 86' lang='lat' dir='ltr'>viscera</span> <span class='ocrx_word' id='word_1_101' title='bbox 1817 2086 2055 2179; x_wconf 83' lang='lat' dir='ltr'>gestit:</span> 
     </span>
    </p>
   </div>
   <div class='ocr_carea' id='block_1_8' title="bbox 309 2203 2130 2306">
    <p class='ocr_par' dir='ltr' id='par_1_12' title="bbox 309 2203 2130 2306">
     <span class='ocr_line' id='line_1_17' title="bbox 309 2203 2130 2306; baseline 0 -24"><span class='ocrx_word' id='word_1_102' title='bbox 309 2207 461 2282; x_wconf 87' lang='lat' dir='ltr'>Flet</span> <span class='ocrx_word' id='word_1_103' title='bbox 491 2205 730 2292; x_wconf 86' lang='lat' dir='ltr'>modo,</span> <span class='ocrx_word' id='word_1_104' title='bbox 767 2232 969 2306; x_wconf 88' lang='lat' dir='ltr'>seque</span> <span class='ocrx_word' id='word_1_105' title='bbox 1002 2219 1196 2278; x_wconf 85' lang='lat' dir='ltr'>vocat</span> <span class='ocrx_word' id='word_1_106' title='bbox 1230 2203 1502 2278; x_wconf 89' lang='lat' dir='ltr'>bustum</span> <span class='ocrx_word' id='word_1_107' title='bbox 1534 2204 1910 2281; x_wconf 84' lang='lat' dir='ltr'>miserabile</span> <span class='ocrx_word' id='word_1_108' title='bbox 1943 2207 2084 2282; x_wconf 87' lang='lat' dir='ltr'>nati</span> <span class='ocrx_word' id='word_1_109' title='bbox 2112 2237 2130 2282; x_wconf 72' lang='grc' dir='ltr'><strong><em>ε</em></strong></span> 
     </span>
    </p>
   </div>
   <div class='ocr_carea' id='block_1_9' title="bbox 2338 2234 2440 2288">
    <p class='ocr_par' dir='ltr' id='par_1_13' title="bbox 2338 2234 2440 2288">
     <span class='ocr_line' id='line_1_18' title="bbox 2338 2234 2440 2288; baseline -0.01 0"><span class='ocrx_word' id='word_1_110' title='bbox 2338 2234 2440 2288; x_wconf 84' lang='grc'>665</span> 
     </span>
    </p>
   </div>
   <div class='ocr_carea' id='block_1_10' title="bbox 311 2325 1940 2429">
    <p class='ocr_par' dir='ltr' id='par_1_14' title="bbox 311 2325 1940 2429">
     <span class='ocr_line' id='line_1_19' title="bbox 311 2325 1940 2429; baseline 0 -26"><span class='ocrx_word' id='word_1_111' title='bbox 311 2332 509 2404; x_wconf 86' lang='lat' dir='ltr'>Nunc</span> <span class='ocrx_word' id='word_1_112' title='bbox 541 2326 842 2429; x_wconf 82' lang='lat' dir='ltr'>sequitur</span> <span class='ocrx_word' id='word_1_113' title='bbox 869 2326 1052 2401; x_wconf 92' lang='lat' dir='ltr'>nudo</span> <span class='ocrx_word' id='word_1_114' title='bbox 1086 2325 1338 2423; x_wconf 85' lang='lat' dir='ltr'>genitas</span> <span class='ocrx_word' id='word_1_115' title='bbox 1371 2326 1714 2401; x_wconf 87' lang='lat' dir='ltr'>Pandione</span> <span class='ocrx_word' id='word_1_116' title='bbox 1746 2328 1940 2403; x_wconf 85' lang='lat' dir='ltr'>ferro.</span> 
     </span>
    </p>
   </div>
   <div class='ocr_carea' id='block_1_11' title="bbox 298 2542 1338 4331">
    <p class='ocr_par' dir='ltr' id='par_1_15' title="bbox 310 2542 1327 2850">
     <span class='ocr_line' id='line_1_20' title="bbox 310 2542 1327 2612; baseline -0.003 -11"><span class='ocrx_word' id='word_1_117' title='bbox 310 2565 428 2601; x_wconf 83' lang='lat' dir='ltr'>cera</span> <span class='ocrx_word' id='word_1_118' title='bbox 443 2564 541 2598; x_wconf 80' lang='lat' dir='ltr'>sua</span> <span class='ocrx_word' id='word_1_119' title='bbox 561 2548 835 2598; x_wconf 66' lang='lat' dir='ltr'>wls-ceribus</span> <span class='ocrx_word' id='word_1_120' title='bbox 854 2549 964 2597; x_wconf 67' lang='lat' dir='ltr'>suit</span> <span class='ocrx_word' id='word_1_121' title='bbox 982 2547 1163 2608; x_wconf 79' lang='lat' dir='ltr'>aleret,</span> <span class='ocrx_word' id='word_1_122' title='bbox 1189 2542 1327 2612; x_wconf 76' lang='lat' dir='ltr'>inse-</span> 
     </span>
     <span class='ocr_line' id='line_1_21' title="bbox 310 2624 1327 2692; baseline -0.002 -15"><span class='ocrx_word' id='word_1_123' title='bbox 310 2630 437 2678; x_wconf 81' lang='lat' dir='ltr'>Ie&#39;ces</span> <span class='ocrx_word' id='word_1_124' title='bbox 461 2628 756 2677; x_wconf 66' lang='lat' dir='ltr'>cadaverum</span> <span class='ocrx_word' id='word_1_125' title='bbox 774 2627 1013 2692; x_wconf 71' lang='lat' dir='ltr'>reliquias</span> <span class='ocrx_word' id='word_1_126' title='bbox 1028 2624 1327 2677; x_wconf 60' lang='lat' dir='ltr'>eta—Ver·</span> 
     </span>
     <span class='ocr_line' id='line_1_22' title="bbox 311 2704 1324 2772; baseline -0.001 -13"><span class='ocrx_word' id='word_1_127' title='bbox 311 2704 380 2759; x_wconf 83' lang='lat' dir='ltr'>bo</span> <span class='ocrx_word' id='word_1_128' title='bbox 398 2723 653 2772; x_wconf 68' lang='lat' dir='ltr'>congerere</span> <span class='ocrx_word' id='word_1_129' title='bbox 672 2721 795 2755; x_wconf 86' lang='lat' dir='ltr'>mox</span> <span class='ocrx_word' id='word_1_130' title='bbox 817 2704 1102 2772; x_wconf 85' lang='lat' dir='ltr'>opponitur</span> <span class='ocrx_word' id='word_1_131' title='bbox 1119 2721 1324 2770; x_wconf 70' lang='lat' dir='ltr'>egerem.</span> 
     </span>
     <span class='ocr_line' id='line_1_23' title="bbox 311 2781 1139 2850; baseline -0.004 -14"><span class='ocrx_word' id='word_1_132' title='bbox 311 2785 529 2845; x_wconf 76' lang='lat' dir='ltr'>—Noae‚</span> <span class='ocrx_word' id='word_1_133' title='bbox 566 2782 764 2836; x_wconf 65' lang='lat' dir='ltr'>cecitas</span> <span class='ocrx_word' id='word_1_134' title='bbox 783 2820 798 2847; x_wconf 90' lang='lat'>,</span> <span class='ocrx_word' id='word_1_135' title='bbox 826 2781 1139 2850; x_wconf 79' lang='lat' dir='ltr'>ignorantia.</span> 
     </span>
    </p>

    <p class='ocr_par' dir='ltr' id='par_1_16' title="bbox 298 2854 1331 3225">
     <span class='ocr_line' id='line_1_24' title="bbox 376 2854 1326 2929; baseline -0.002 -16"><span class='ocrx_word' id='word_1_136' title='bbox 376 2859 491 2929; x_wconf 71' lang='lat'>657.</span> <span class='ocrx_word' id='word_1_137' title='bbox 521 2861 681 2912; x_wconf 76' lang='lat' dir='ltr'>Cede.</span> <span class='ocrx_word' id='word_1_138' title='bbox 699 2859 856 2912; x_wconf 85' lang='lat' dir='ltr'>Unus</span> <span class='ocrx_word' id='word_1_139' title='bbox 867 2877 1001 2911; x_wconf 75' lang='lat' dir='ltr'>mom</span> <span class='ocrx_word' id='word_1_140' title='bbox 1014 2857 1157 2926; x_wconf 88' lang='lat' dir='ltr'>quod</span> <span class='ocrx_word' id='word_1_141' title='bbox 1178 2854 1326 2911; x_wconf 83' lang='lat' dir='ltr'>valde</span> 
     </span>
     <span class='ocr_line' id='line_1_25' title="bbox 313 2934 1330 3007; baseline -0.001 -19"><span class='ocrx_word' id='word_1_142' title='bbox 313 2937 546 3007; x_wconf 80' lang='lat' dir='ltr'>placebat</span> <span class='ocrx_word' id='word_1_143' title='bbox 562 2936 789 2989; x_wconf 84' lang='lat' dir='ltr'>Ciosano</span> <span class='ocrx_word' id='word_1_144' title='bbox 803 2956 816 2998; x_wconf 90' lang='lat'>;</span> <span class='ocrx_word' id='word_1_145' title='bbox 831 2934 1092 2988; x_wconf 78' lang='lat' dir='ltr'>Gruterus</span> <span class='ocrx_word' id='word_1_146' title='bbox 1106 2935 1330 2987; x_wconf 85' lang='lat' dir='ltr'>malebat</span> 
     </span>
     <span class='ocr_line' id='line_1_26' title="bbox 298 3013 1331 3085; baseline -0.003 -17"><span class='ocrx_word' id='word_1_147' title='bbox 298 3016 499 3085; x_wconf 47' lang='lat' dir='ltr'>futtuli</span> <span class='ocrx_word' id='word_1_148' title='bbox 514 3034 545 3068; x_wconf 82' lang='lat' dir='ltr'>e</span> <span class='ocrx_word' id='word_1_149' title='bbox 578 3017 709 3068; x_wconf 82' lang='lat' dir='ltr'>sede.</span> <span class='ocrx_word' id='word_1_150' title='bbox 748 3013 900 3081; x_wconf 76' lang='lat' dir='ltr'>Regii</span> <span class='ocrx_word' id='word_1_151' title='bbox 938 3013 1101 3065; x_wconf 85' lang='lat' dir='ltr'>nostri</span> <span class='ocrx_word' id='word_1_152' title='bbox 1134 3013 1331 3065; x_wconf 86' lang='lat' dir='ltr'>habent</span> 
     </span>
     <span class='ocr_line' id='line_1_27' title="bbox 313 3090 1331 3152; baseline -0.004 -4"><span class='ocrx_word' id='word_1_153' title='bbox 313 3097 466 3148; x_wconf 75' lang='lat' dir='ltr'>cede.</span> <span class='ocrx_word' id='word_1_154' title='bbox 488 3118 555 3131; x_wconf 91' lang='lat'><strong>—</strong></span> <span class='ocrx_word' id='word_1_155' title='bbox 577 3094 776 3144; x_wconf 70' lang='lat' dir='ltr'>M&#39;en&#39;ltlr</span> <span class='ocrx_word' id='word_1_156' title='bbox 794 3094 948 3143; x_wconf 64' lang='lat' dir='ltr'>dez-1125</span> <span class='ocrx_word' id='word_1_157' title='bbox 961 3130 975 3152; x_wconf 87' lang='lat'>,</span> <span class='ocrx_word' id='word_1_158' title='bbox 1006 3090 1331 3144; x_wconf 83' lang='lat' dir='ltr'>convenien-</span> 
     </span>
     <span class='ocr_line' id='line_1_28' title="bbox 319 3169 791 3225; baseline -0.004 -1"><span class='ocrx_word' id='word_1_159' title='bbox 319 3171 458 3225; x_wconf 82' lang='lat' dir='ltr'>tibus</span> <span class='ocrx_word' id='word_1_160' title='bbox 482 3169 668 3223; x_wconf 80' lang='lat' dir='ltr'>verbis.</span> <span class='ocrx_word' id='word_1_161' title='bbox 692 3171 791 3222; x_wconf 80' lang='lat' dir='ltr'>Ed.</span> 
     </span>
    </p>

    <p class='ocr_par' dir='ltr' id='par_1_17' title="bbox 309 3245 1337 4255">
     <span class='ocr_line' id='line_1_29' title="bbox 384 3245 1335 3316; baseline -0.004 -14"><span class='ocrx_word' id='word_1_162' title='bbox 384 3249 500 3302; x_wconf 73' lang='grc' dir='ltr'>ὅθι.</span> <span class='ocrx_word' id='word_1_163' title='bbox 524 3250 760 3315; x_wconf 76' lang='lat' dir='ltr'>Repelle&#39;t.</span> <span class='ocrx_word' id='word_1_164' title='bbox 787 3245 969 3300; x_wconf 79' lang='lat' dir='ltr'>Codex</span> <span class='ocrx_word' id='word_1_165' title='bbox 992 3246 1188 3316; x_wconf 80' lang='lat' dir='ltr'>Regius</span> <span class='ocrx_word' id='word_1_166' title='bbox 1206 3246 1278 3306; x_wconf 87' lang='lat' dir='ltr'>B,</span> <span class='ocrx_word' id='word_1_167' title='bbox 1303 3264 1335 3298; x_wconf 83' lang='lat' dir='ltr'>a</span> 
     </span>
     <span class='ocr_line' id='line_1_30' title="bbox 317 3326 1334 3398; baseline -0.005 -19"><span class='ocrx_word' id='word_1_168' title='bbox 317 3326 492 3398; x_wconf 86' lang='lat' dir='ltr'>prima</span> <span class='ocrx_word' id='word_1_169' title='bbox 526 3345 690 3379; x_wconf 86' lang='lat' dir='ltr'>manu</span> <span class='ocrx_word' id='word_1_170' title='bbox 706 3364 722 3391; x_wconf 84' lang='lat'>,</span> <span class='ocrx_word' id='word_1_171' title='bbox 756 3330 974 3393; x_wconf 70' lang='lat' dir='ltr'>replevit.</span> <span class='ocrx_word' id='word_1_172' title='bbox 998 3351 1066 3364; x_wconf 90' lang='lat'>—-</span> <span class='ocrx_word' id='word_1_173' title='bbox 1097 3326 1334 3389; x_wconf 78' lang='lat' dir='ltr'>Vipereas</span> 
     </span>
     <span class='ocr_line' id='line_1_31' title="bbox 314 3403 1334 3475; baseline -0.003 -14"><span class='ocrx_word' id='word_1_174' title='bbox 314 3426 512 3461; x_wconf 63' lang='grc' dir='ltr'><em>,σοι-ωτι·</em></span> <span class='ocrx_word' id='word_1_175' title='bbox 522 3447 537 3473; x_wconf 87' lang='grc'><strong><em>,</em></strong></span> <span class='ocrx_word' id='word_1_176' title='bbox 554 3406 607 3460; x_wconf 90' lang='lat' dir='ltr'>id</span> <span class='ocrx_word' id='word_1_177' title='bbox 625 3418 703 3460; x_wconf 82' lang='lat' dir='ltr'>est</span> <span class='ocrx_word' id='word_1_178' title='bbox 719 3448 734 3475; x_wconf 87' lang='lat'><strong>,</strong></span> <span class='ocrx_word' id='word_1_179' title='bbox 750 3407 955 3467; x_wconf 80' lang='lat' dir='ltr'>Furias,&#39;</span> <span class='ocrx_word' id='word_1_180' title='bbox 968 3404 1212 3458; x_wconf 80' lang='lat' dir='ltr'>audacter</span> <span class='ocrx_word' id='word_1_181' title='bbox 1232 3403 1334 3458; x_wconf 87' lang='lat' dir='ltr'>dic-</span> 
     </span>
     <span class='ocr_line' id='line_1_32' title="bbox 319 3481 1332 3553; baseline -0.004 -15"><span class='ocrx_word' id='word_1_182' title='bbox 319 3495 439 3538; x_wconf 87' lang='lat' dir='ltr'>tum</span> <span class='ocrx_word' id='word_1_183' title='bbox 451 3524 466 3552; x_wconf 89' lang='lat'><strong>,</strong></span> <span class='ocrx_word' id='word_1_184' title='bbox 482 3503 707 3553; x_wconf 86' lang='lat' dir='ltr'>quarum</span> <span class='ocrx_word' id='word_1_185' title='bbox 725 3484 886 3538; x_wconf 88' lang='lat' dir='ltr'>comis</span> <span class='ocrx_word' id='word_1_186' title='bbox 905 3483 1096 3551; x_wconf 63' lang='lat' dir='ltr'>vipera</span> <span class='ocrx_word' id='word_1_187' title='bbox 1108 3481 1332 3535; x_wconf 61' lang='lat' dir='ltr'>intexta.</span> 
     </span>
     <span class='ocr_line' id='line_1_33' title="bbox 316 3563 1336 3628; baseline -0.003 -12"><span class='ocrx_word' id='word_1_188' title='bbox 316 3591 386 3604; x_wconf 90' lang='lat'>—</span> <span class='ocrx_word' id='word_1_189' title='bbox 395 3566 604 3627; x_wconf 79' lang='lat' dir='ltr'>Pectus,</span> <span class='ocrx_word' id='word_1_190' title='bbox 625 3563 945 3617; x_wconf 78' lang='lat' dir='ltr'>ventriculus</span> <span class='ocrx_word' id='word_1_191' title='bbox 960 3583 974 3624; x_wconf 85' lang='lat'><strong>;</strong></span> <span class='ocrx_word' id='word_1_192' title='bbox 989 3569 1206 3614; x_wconf 79' lang='lat' dir='ltr'>reserato</span> <span class='ocrx_word' id='word_1_193' title='bbox 1212 3578 1336 3628; x_wconf 77' lang='lat' dir='ltr'>peo-</span> 
     </span>
     <span class='ocr_line' id='line_1_34' title="bbox 314 3637 1336 3709; baseline -0.004 -15"><span class='ocrx_word' id='word_1_194' title='bbox 314 3649 424 3694; x_wconf 76' lang='lat' dir='ltr'>tore</span> <span class='ocrx_word' id='word_1_195' title='bbox 433 3660 624 3709; x_wconf 61' lang='lat' dir='ltr'>egerere</span> <span class='ocrx_word' id='word_1_196' title='bbox 634 3681 647 3703; x_wconf 86' lang='lat'><strong><em>‚</em></strong></span> <span class='ocrx_word' id='word_1_197' title='bbox 664 3640 739 3694; x_wconf 88' lang='lat' dir='ltr'>nil</span> <span class='ocrx_word' id='word_1_198' title='bbox 753 3640 852 3693; x_wconf 84' lang='lat' dir='ltr'>nisi</span> <span class='ocrx_word' id='word_1_199' title='bbox 874 3679 889 3706; x_wconf 90' lang='lat'>,</span> <span class='ocrx_word' id='word_1_200' title='bbox 913 3657 1176 3692; x_wconf 77' lang='lat' dir='ltr'>evomere.</span> <span class='ocrx_word' id='word_1_201' title='bbox 1192 3637 1336 3692; x_wconf 89' lang='lat' dir='ltr'>Gro-</span> 
     </span>
     <span class='ocr_line' id='line_1_35' title="bbox 312 3720 1331 3790; baseline -0.002 -15"><span class='ocrx_word' id='word_1_202' title='bbox 312 3722 577 3775; x_wconf 80' lang='lat' dir='ltr'>novianns</span> <span class='ocrx_word' id='word_1_203' title='bbox 591 3720 806 3790; x_wconf 86' lang='lat' dir='ltr'>quidem</span> <span class='ocrx_word' id='word_1_204' title='bbox 820 3720 978 3775; x_wconf 87' lang='lat' dir='ltr'>habet</span> <span class='ocrx_word' id='word_1_205' title='bbox 990 3760 1005 3787; x_wconf 87' lang='lat'><strong>,</strong></span> <span class='ocrx_word' id='word_1_206' title='bbox 1020 3740 1116 3790; x_wconf 85' lang='lat' dir='ltr'>pro</span> <span class='ocrx_word' id='word_1_207' title='bbox 1123 3739 1331 3788; x_wconf 71' lang='lat' dir='ltr'>egerere,</span> 
     </span>
     <span class='ocr_line' id='line_1_36' title="bbox 312 3797 1336 3868; baseline -0.002 -17"><span class='ocrx_word' id='word_1_208' title='bbox 312 3805 530 3866; x_wconf 70' lang='lat' dir='ltr'>exe&#39;gere.</span> <span class='ocrx_word' id='word_1_209' title='bbox 544 3798 683 3868; x_wconf 84' lang='lat' dir='ltr'>quod</span> <span class='ocrx_word' id='word_1_210' title='bbox 693 3817 840 3868; x_wconf 64' lang='lat' dir='ltr'>eque</span> <span class='ocrx_word' id='word_1_211' title='bbox 858 3798 1065 3868; x_wconf 79' lang='lat' dir='ltr'>elegans</span> <span class='ocrx_word' id='word_1_212' title='bbox 1077 3797 1336 3850; x_wconf 85' lang='lat' dir='ltr'>Burman·</span> 
     </span>
     <span class='ocr_line' id='line_1_37' title="bbox 312 3875 1337 3945; baseline -0.004 -14"><span class='ocrx_word' id='word_1_213' title='bbox 312 3895 419 3931; x_wconf 80' lang='lat' dir='ltr'>nus</span> <span class='ocrx_word' id='word_1_214' title='bbox 442 3875 670 3945; x_wconf 82' lang='lat' dir='ltr'>judicat;</span> <span class='ocrx_word' id='word_1_215' title='bbox 696 3887 750 3929; x_wconf 86' lang='lat' dir='ltr'>at</span> <span class='ocrx_word' id='word_1_216' title='bbox 776 3876 998 3930; x_wconf 75' lang='lat' dir='ltr'>Codices</span> <span class='ocrx_word' id='word_1_217' title='bbox 1020 3875 1185 3929; x_wconf 78' lang='lat' dir='ltr'>nostri</span> <span class='ocrx_word' id='word_1_218' title='bbox 1208 3875 1337 3928; x_wconf 87' lang='lat' dir='ltr'>dant</span> 
     </span>
     <span class='ocr_line' id='line_1_38' title="bbox 309 3951 1335 4023; baseline -0.006 -14"><span class='ocrx_word' id='word_1_219' title='bbox 309 3973 508 4023; x_wconf 70' lang='lat' dir='ltr'>egerere</span> <span class='ocrx_word' id='word_1_220' title='bbox 531 3953 670 4022; x_wconf 89' lang='lat' dir='ltr'>quod</span> <span class='ocrx_word' id='word_1_221' title='bbox 698 3965 839 4007; x_wconf 84' lang='lat' dir='ltr'>recte</span> <span class='ocrx_word' id='word_1_222' title='bbox 864 3952 1090 4007; x_wconf 79' lang='lat' dir='ltr'>servavit</span> <span class='ocrx_word' id='word_1_223' title='bbox 1112 3951 1193 4005; x_wconf 85' lang='lat' dir='ltr'>Cl.</span> <span class='ocrx_word' id='word_1_224' title='bbox 1218 3954 1335 4004; x_wconf 79' lang='lat' dir='ltr'>Gie-</span> 
     </span>
     <span class='ocr_line' id='line_1_39' title="bbox 312 4025 1337 4098; baseline -0.006 -14"><span class='ocrx_word' id='word_1_225' title='bbox 312 4036 412 4098; x_wconf 49' lang='lat' dir='ltr'>ny.</span> <span class='ocrx_word' id='word_1_226' title='bbox 427 4028 527 4081; x_wconf 84' lang='lat' dir='ltr'>Ed.</span> <span class='ocrx_word' id='word_1_227' title='bbox 541 4056 609 4072; x_wconf 89' lang='lat'>·-</span> <span class='ocrx_word' id='word_1_228' title='bbox 618 4031 954 4096; x_wconf 76' lang='lat' dir='ltr'>Demersaque</span> <span class='ocrx_word' id='word_1_229' title='bbox 964 4027 1191 4097; x_wconf 71' lang='lat' dir='ltr'>praetulit</span> <span class='ocrx_word' id='word_1_230' title='bbox 1205 4025 1337 4079; x_wconf 90' lang='lat' dir='ltr'>Bur-</span> 
     </span>
     <span class='ocr_line' id='line_1_40' title="bbox 316 4105 1335 4176; baseline -0.007 -14"><span class='ocrx_word' id='word_1_231' title='bbox 316 4125 553 4162; x_wconf 85' lang='lat' dir='ltr'>mannus</span> <span class='ocrx_word' id='word_1_232' title='bbox 587 4105 728 4176; x_wconf 87' lang='lat' dir='ltr'>quod</span> <span class='ocrx_word' id='word_1_233' title='bbox 755 4117 807 4159; x_wconf 89' lang='lat' dir='ltr'>et</span> <span class='ocrx_word' id='word_1_234' title='bbox 834 4105 1002 4174; x_wconf 80' lang='lat' dir='ltr'>Regio</span> <span class='ocrx_word' id='word_1_235' title='bbox 1043 4105 1335 4173; x_wconf 84' lang='lat' dir='ltr'>placuerat;</span> 
     </span>
     <span class='ocr_line' id='line_1_41' title="bbox 318 4182 1336 4255; baseline -0.005 -17"><span class='ocrx_word' id='word_1_236' title='bbox 318 4203 452 4239; x_wconf 84' lang='lat' dir='ltr'>nam</span> <span class='ocrx_word' id='word_1_237' title='bbox 468 4182 673 4255; x_wconf 82' lang='lat' dir='ltr'>vulgata</span> <span class='ocrx_word' id='word_1_238' title='bbox 686 4188 1020 4251; x_wconf 63' lang='lat' dir='ltr'>humen-taque</span> <span class='ocrx_word' id='word_1_239' title='bbox 1040 4183 1217 4250; x_wconf 84' lang='lat' dir='ltr'>inepta</span> <span class='ocrx_word' id='word_1_240' title='bbox 1245 4191 1336 4234; x_wconf 88' lang='lat' dir='ltr'>est.</span> 
     </span>
    </p>

    <p class='ocr_par' dir='ltr' id='par_1_18' title="bbox 326 4260 1338 4331">
     <span class='ocr_line' id='line_1_42' title="bbox 326 4260 1338 4331; baseline -0.009 -11"><span class='ocrx_word' id='word_1_241' title='bbox 326 4263 554 4320; x_wconf 86' lang='lat' dir='ltr'>Plurimi</span> <span class='ocrx_word' id='word_1_242' title='bbox 567 4273 805 4318; x_wconf 85' lang='lat' dir='ltr'>veterum</span> <span class='ocrx_word' id='word_1_243' title='bbox 821 4280 1124 4331; x_wconf 72' lang='lat' dir='ltr'>emen-aque,</span> <span class='ocrx_word' id='word_1_244' title='bbox 1147 4260 1228 4315; x_wconf 78' lang='lat' dir='ltr'>vel</span> <span class='ocrx_word' id='word_1_245' title='bbox 1250 4266 1338 4312; x_wconf 67' lang='lat' dir='ltr'>lm·</span> 
     </span>
    </p>
   </div>
   <div class='ocr_carea' id='block_1_12' title="bbox 1418 2546 2450 4333">
    <p class='ocr_par' dir='ltr' id='par_1_19' title="bbox 1418 2546 2450 4333">
     <span class='ocr_line' id='line_1_43' title="bbox 1418 2546 2439 2616; baseline 0.006 -17"><span class='ocrx_word' id='word_1_246' title='bbox 1418 2564 1672 2616; x_wconf 71' lang='lat' dir='ltr'>mersaque</span> <span class='ocrx_word' id='word_1_247' title='bbox 1684 2564 1704 2613; x_wconf 86' lang='lat'>,·</span> <span class='ocrx_word' id='word_1_248' title='bbox 1725 2547 1909 2601; x_wconf 83' lang='lat' dir='ltr'>tertius</span> <span class='ocrx_word' id='word_1_249' title='bbox 1934 2546 2234 2616; x_wconf 76' lang='lat' dir='ltr'>Medioens,</span> <span class='ocrx_word' id='word_1_250' title='bbox 2260 2550 2439 2606; x_wconf 86' lang='lat' dir='ltr'>Jureti</span> 
     </span>
     <span class='ocr_line' id='line_1_44' title="bbox 1418 2626 2438 2695; baseline 0.004 -18"><span class='ocrx_word' id='word_1_251' title='bbox 1418 2635 1659 2694; x_wconf 79' lang='lat' dir='ltr'>excerpta</span> <span class='ocrx_word' id='word_1_252' title='bbox 1674 2635 1727 2677; x_wconf 88' lang='lat' dir='ltr'>et</span> <span class='ocrx_word' id='word_1_253' title='bbox 1741 2635 1969 2693; x_wconf 86' lang='lat' dir='ltr'>quatuor</span> <span class='ocrx_word' id='word_1_254' title='bbox 1981 2626 2064 2678; x_wconf 85' lang='lat' dir='ltr'>alii</span> <span class='ocrx_word' id='word_1_255' title='bbox 2084 2664 2100 2691; x_wconf 88' lang='lat'>,</span> <span class='ocrx_word' id='word_1_256' title='bbox 2123 2645 2412 2695; x_wconf 69' lang='lat' dir='ltr'>semesaque</span> <span class='ocrx_word' id='word_1_257' title='bbox 2424 2670 2438 2692; x_wconf 87' lang='lat'><em>‚</em></span> 
     </span>
     <span class='ocr_line' id='line_1_45' title="bbox 1421 2703 2438 2772; baseline 0.005 -17"><span class='ocrx_word' id='word_1_258' title='bbox 1421 2703 1562 2772; x_wconf 90' lang='lat' dir='ltr'>quod</span> <span class='ocrx_word' id='word_1_259' title='bbox 1590 2703 1813 2756; x_wconf 87' lang='lat' dir='ltr'>Heinsio</span> <span class='ocrx_word' id='word_1_260' title='bbox 1833 2704 2438 2771; x_wconf 59' lang='lat' dir='ltr'>probabam—:Codex</span> 
     </span>
     <span class='ocr_line' id='line_1_46' title="bbox 1422 2779 2437 2850; baseline 0.004 -17"><span class='ocrx_word' id='word_1_261' title='bbox 1422 2780 1620 2849; x_wconf 81' lang='lat' dir='ltr'>Regius</span> <span class='ocrx_word' id='word_1_262' title='bbox 1643 2781 1692 2831; x_wconf 81' lang='lat' dir='ltr'>A</span> <span class='ocrx_word' id='word_1_263' title='bbox 1713 2816 1729 2845; x_wconf 87' lang='lat'>‚</span> <span class='ocrx_word' id='word_1_264' title='bbox 1754 2784 2110 2847; x_wconf 46' lang='lat' dir='ltr'>:inmersaquq</span> <span class='ocrx_word' id='word_1_265' title='bbox 2144 2779 2326 2834; x_wconf 80' lang='lat' dir='ltr'>Codex</span> <span class='ocrx_word' id='word_1_266' title='bbox 2357 2783 2404 2837; x_wconf 90' lang='lat' dir='ltr'>B</span> <span class='ocrx_word' id='word_1_267' title='bbox 2418 2820 2437 2850; x_wconf 86' lang='lat'>‚</span> 
     </span>
     <span class='ocr_line' id='line_1_47' title="bbox 1422 2856 2442 2932; baseline 0.003 -22"><span class='ocrx_word' id='word_1_268' title='bbox 1422 2874 1709 2924; x_wconf 68' lang='lat' dir='ltr'>emmaque</span> <span class='ocrx_word' id='word_1_269' title='bbox 1726 2875 1743 2907; x_wconf 89' lang='lat'>.·</span> <span class='ocrx_word' id='word_1_270' title='bbox 1760 2866 1970 2926; x_wconf 59' lang='lat' dir='ltr'>prostat</span> <span class='ocrx_word' id='word_1_271' title='bbox 1991 2856 2145 2932; x_wconf 57' lang='lat' dir='ltr'>lectio</span> <span class='ocrx_word' id='word_1_272' title='bbox 2168 2856 2442 2912; x_wconf 87' lang='lat' dir='ltr'>Burman-</span> 
     </span>
     <span class='ocr_line' id='line_1_48' title="bbox 1422 2934 2441 3003; baseline 0.004 -16"><span class='ocrx_word' id='word_1_273' title='bbox 1422 2934 1497 2987; x_wconf 89' lang='lat' dir='ltr'>ni.</span> <span class='ocrx_word' id='word_1_274' title='bbox 1516 2935 1618 2987; x_wconf 80' lang='lat' dir='ltr'>Ed.</span> <span class='ocrx_word' id='word_1_275' title='bbox 1640 2960 1708 2976; x_wconf 92' lang='lat'>·-</span> <span class='ocrx_word' id='word_1_276' title='bbox 1725 2936 1967 3001; x_wconf 70' lang='lat' dir='ltr'>Demergi</span> <span class='ocrx_word' id='word_1_277' title='bbox 1995 2934 2183 3003; x_wconf 84' lang='lat' dir='ltr'>passim</span> <span class='ocrx_word' id='word_1_278' title='bbox 2212 2935 2278 2989; x_wconf 88' lang='lat' dir='ltr'>de</span> <span class='ocrx_word' id='word_1_279' title='bbox 2315 2938 2441 2992; x_wconf 84' lang='lat' dir='ltr'>cibis</span> 
     </span>
     <span class='ocr_line' id='line_1_49' title="bbox 1425 3008 2442 3086; baseline 0.005 -24"><span class='ocrx_word' id='word_1_280' title='bbox 1425 3008 1713 3076; x_wconf 84' lang='lat' dir='ltr'>devoratis,</span> <span class='ocrx_word' id='word_1_281' title='bbox 1733 3020 1793 3063; x_wconf 90' lang='lat' dir='ltr'>ut</span> <span class='ocrx_word' id='word_1_282' title='bbox 1815 3009 1938 3075; x_wconf 83' lang='lat' dir='ltr'>XV,</span> <span class='ocrx_word' id='word_1_283' title='bbox 1961 3014 2085 3076; x_wconf 82' lang='lat'>105;</span> <span class='ocrx_word' id='word_1_284' title='bbox 2110 3012 2235 3065; x_wconf 86' lang='lat' dir='ltr'>ibid.</span> <span class='ocrx_word' id='word_1_285' title='bbox 2260 3014 2442 3086; x_wconf 79' lang='lat'>387.-</span> 
     </span>
     <span class='ocr_line' id='line_1_50' title="bbox 1426 3089 2439 3161; baseline 0.008 -21"><span class='ocrx_word' id='word_1_286' title='bbox 1426 3090 1676 3152; x_wconf 67' lang='lat' dir='ltr'>Rumam,-</span> <span class='ocrx_word' id='word_1_287' title='bbox 1699 3094 1880 3157; x_wconf 67' lang='grc' dir='ltr'>τύμεον.</span> <span class='ocrx_word' id='word_1_288' title='bbox 1905 3089 2176 3161; x_wconf 80' lang='lat' dir='ltr'>Longinus</span> <span class='ocrx_word' id='word_1_289' title='bbox 2195 3132 2214 3159; x_wconf 84' lang='lat'>,</span> <span class='ocrx_word' id='word_1_290' title='bbox 2231 3094 2268 3146; x_wconf 89' lang='lat' dir='ltr'>s.</span> <span class='ocrx_word' id='word_1_291' title='bbox 2283 3095 2316 3147; x_wconf 82' lang='lat'>3</span> <span class='ocrx_word' id='word_1_292' title='bbox 2333 3134 2348 3161; x_wconf 87' lang='lat'><strong>,</strong></span> <span class='ocrx_word' id='word_1_293' title='bbox 2369 3095 2439 3148; x_wconf 82' lang='lat' dir='ltr'>vi·</span> 
     </span>
     <span class='ocr_line' id='line_1_51' title="bbox 1427 3164 2443 3239; baseline 0.005 -20"><span class='ocrx_word' id='word_1_294' title='bbox 1427 3175 1636 3234; x_wconf 83' lang='lat' dir='ltr'>tuperat</span> <span class='ocrx_word' id='word_1_295' title='bbox 1645 3164 1898 3238; x_wconf 82' lang='lat' dir='ltr'>Gorgiam</span> <span class='ocrx_word' id='word_1_296' title='bbox 1909 3168 2054 3221; x_wconf 89' lang='lat' dir='ltr'>Leon</span> <span class='ocrx_word' id='word_1_297' title='bbox 2061 3179 2095 3223; x_wconf 81' lang='lat' dir='ltr'>t.</span> <span class='ocrx_word' id='word_1_298' title='bbox 2109 3170 2198 3239; x_wconf 89' lang='lat' dir='ltr'>qui</span> <span class='ocrx_word' id='word_1_299' title='bbox 2209 3171 2443 3225; x_wconf 80' lang='lat' dir='ltr'>vultures</span> 
     </span>
     <span class='ocr_line' id='line_1_52' title="bbox 1426 3240 2442 3316; baseline 0.008 -22"><span class='ocrx_word' id='word_1_300' title='bbox 1426 3240 1629 3297; x_wconf 79' lang='lat' dir='ltr'>dixerat</span> <span class='ocrx_word' id='word_1_301' title='bbox 1647 3263 1756 3298; x_wconf 89' lang='lat' dir='ltr'>esse</span> <span class='ocrx_word' id='word_1_302' title='bbox 1770 3249 2001 3313; x_wconf 75' lang='lat' dir='ltr'>sepulcra</span> <span class='ocrx_word' id='word_1_303' title='bbox 2020 3252 2159 3309; x_wconf 66' lang='grc' dir='ltr'><strong><em>νίφα,</em></strong></span> <span class='ocrx_word' id='word_1_304' title='bbox 2186 3266 2346 3316; x_wconf 84' lang='lat' dir='ltr'>quam</span> <span class='ocrx_word' id='word_1_305' title='bbox 2364 3268 2442 3302; x_wconf 88' lang='lat' dir='ltr'>re·</span> 
     </span>
     <span class='ocr_line' id='line_1_53' title="bbox 1427 3321 2446 3394; baseline 0.004 -17"><span class='ocrx_word' id='word_1_306' title='bbox 1427 3321 1834 3394; x_wconf 78' lang='lat' dir='ltr'>prehensionem</span> <span class='ocrx_word' id='word_1_307' title='bbox 1855 3325 2017 3380; x_wconf 84' lang='lat' dir='ltr'>etiarn</span> <span class='ocrx_word' id='word_1_308' title='bbox 2039 3327 2095 3380; x_wconf 87' lang='lat' dir='ltr'>in</span> <span class='ocrx_word' id='word_1_309' title='bbox 2120 3327 2221 3381; x_wconf 90' lang='lat' dir='ltr'>hoc</span> <span class='ocrx_word' id='word_1_310' title='bbox 2249 3331 2446 3382; x_wconf 70' lang='lat' dir='ltr'>bustum</span> 
     </span>
     <span class='ocr_line' id='line_1_54' title="bbox 1426 3402 2443 3474; baseline 0.005 -20"><span class='ocrx_word' id='word_1_311' title='bbox 1426 3405 1712 3455; x_wconf 76' lang='lat' dir='ltr'>miserabile</span> <span class='ocrx_word' id='word_1_312' title='bbox 1723 3402 1910 3456; x_wconf 86' lang='lat' dir='ltr'>cadere</span> <span class='ocrx_word' id='word_1_313' title='bbox 1921 3403 2124 3458; x_wconf 84' lang='lat' dir='ltr'>Tollius</span> <span class='ocrx_word' id='word_1_314' title='bbox 2136 3415 2189 3457; x_wconf 85' lang='lat' dir='ltr'>et</span> <span class='ocrx_word' id='word_1_315' title='bbox 2197 3406 2443 3474; x_wconf 80' lang='lat' dir='ltr'>Pearcius</span> 
     </span>
     <span class='ocr_line' id='line_1_55' title="bbox 1428 3478 2442 3550; baseline 0.004 -16"><span class='ocrx_word' id='word_1_316' title='bbox 1428 3478 1493 3534; x_wconf 75' lang='lat' dir='ltr'>ad</span> <span class='ocrx_word' id='word_1_317' title='bbox 1516 3479 1668 3532; x_wconf 87' lang='lat' dir='ltr'>illum</span> <span class='ocrx_word' id='word_1_318' title='bbox 1685 3478 1911 3550; x_wconf 83' lang='lat' dir='ltr'>Longini</span> <span class='ocrx_word' id='word_1_319' title='bbox 1929 3481 2104 3536; x_wconf 88' lang='lat' dir='ltr'>locum</span> <span class='ocrx_word' id='word_1_320' title='bbox 2126 3482 2442 3538; x_wconf 77' lang='lat' dir='ltr'>existimant.</span> 
     </span>
     <span class='ocr_line' id='line_1_56' title="bbox 1431 3556 2445 3626; baseline 0.008 -19"><span class='ocrx_word' id='word_1_321' title='bbox 1431 3557 1639 3609; x_wconf 87' lang='lat' dir='ltr'>Verum</span> <span class='ocrx_word' id='word_1_322' title='bbox 1662 3556 1931 3626; x_wconf 82' lang='lat' dir='ltr'>Longinus</span> <span class='ocrx_word' id='word_1_323' title='bbox 1954 3576 2064 3611; x_wconf 88' lang='lat' dir='ltr'>non</span> <span class='ocrx_word' id='word_1_324' title='bbox 2089 3557 2187 3612; x_wconf 85' lang='lat' dir='ltr'>nisi</span> <span class='ocrx_word' id='word_1_325' title='bbox 2213 3566 2329 3613; x_wconf 69' lang='lat' dir='ltr'>viva</span> <span class='ocrx_word' id='word_1_326' title='bbox 2349 3580 2445 3615; x_wconf 77' lang='lat' dir='ltr'>se·-</span> 
     </span>
     <span class='ocr_line' id='line_1_57' title="bbox 1421 3634 2447 3707; baseline 0.006 -21"><span class='ocrx_word' id='word_1_327' title='bbox 1421 3638 1603 3702; x_wconf 77' lang='lat' dir='ltr'>pulcra</span> <span class='ocrx_word' id='word_1_328' title='bbox 1615 3634 1902 3703; x_wconf 82' lang='lat' dir='ltr'>vituperat,</span> <span class='ocrx_word' id='word_1_329' title='bbox 1917 3636 2038 3704; x_wconf 85' lang='lat' dir='ltr'>quia</span> <span class='ocrx_word' id='word_1_330' title='bbox 2053 3637 2196 3689; x_wconf 76' lang='lat' dir='ltr'>nulla</span> <span class='ocrx_word' id='word_1_331' title='bbox 2209 3638 2447 3707; x_wconf 80' lang='lat' dir='ltr'>sepulcra</span> 
     </span>
     <span class='ocr_line' id='line_1_58' title="bbox 1429 3710 2442 3768; baseline 0.006 -6"><span class='ocrx_word' id='word_1_332' title='bbox 1429 3716 1546 3763; x_wconf 77' lang='lat' dir='ltr'>vim</span> <span class='ocrx_word' id='word_1_333' title='bbox 1567 3721 1694 3764; x_wconf 80' lang='lat' dir='ltr'>sunt</span> <span class='ocrx_word' id='word_1_334' title='bbox 1716 3730 1729 3763; x_wconf 76' lang='grc' dir='ltr'>ε</span> <span class='ocrx_word' id='word_1_335' title='bbox 1750 3710 1871 3765; x_wconf 76' lang='lat' dir='ltr'>vide</span> <span class='ocrx_word' id='word_1_336' title='bbox 1898 3711 2113 3767; x_wconf 84' lang='lat' dir='ltr'>Ernesti</span> <span class='ocrx_word' id='word_1_337' title='bbox 2133 3714 2258 3767; x_wconf 89' lang='lat' dir='ltr'>lnit.</span> <span class='ocrx_word' id='word_1_338' title='bbox 2281 3713 2442 3768; x_wconf 80' lang='lat' dir='ltr'>Rhe-</span> 
     </span>
     <span class='ocr_line' id='line_1_59' title="bbox 1433 3789 2450 3861; baseline 0.005 -20"><span class='ocrx_word' id='word_1_339' title='bbox 1433 3799 1533 3841; x_wconf 90' lang='lat' dir='ltr'>tor.</span> <span class='ocrx_word' id='word_1_340' title='bbox 1558 3790 1602 3858; x_wconf 70' lang='lat'>5.</span> <span class='ocrx_word' id='word_1_341' title='bbox 1617 3790 1734 3860; x_wconf 82' lang='lat'><strong>3¹9·</strong></span> <span class='ocrx_word' id='word_1_342' title='bbox 1753 3789 1816 3843; x_wconf 90' lang='lat' dir='ltr'>In</span> <span class='ocrx_word' id='word_1_343' title='bbox 1836 3789 2046 3861; x_wconf 74' lang='lat' dir='ltr'>Gorgiae</span> <span class='ocrx_word' id='word_1_344' title='bbox 2063 3791 2250 3845; x_wconf 79' lang='lat' dir='ltr'>vitium</span> <span class='ocrx_word' id='word_1_345' title='bbox 2263 3792 2450 3846; x_wconf 80' lang='lat' dir='ltr'>incidit</span> 
     </span>
     <span class='ocr_line' id='line_1_60' title="bbox 1432 3866 2447 3942; baseline 0.003 -23"><span class='ocrx_word' id='word_1_346' title='bbox 1432 3866 1600 3921; x_wconf 88' lang='lat' dir='ltr'>Lucre</span> <span class='ocrx_word' id='word_1_347' title='bbox 1607 3868 1707 3921; x_wconf 82' lang='lat' dir='ltr'>tius</span> <span class='ocrx_word' id='word_1_348' title='bbox 1722 3907 1738 3934; x_wconf 85' lang='lat'>,</span> <span class='ocrx_word' id='word_1_349' title='bbox 1757 3870 1830 3934; x_wconf 87' lang='lat' dir='ltr'>V,</span> <span class='ocrx_word' id='word_1_350' title='bbox 1846 3889 1939 3942; x_wconf 80' lang='lat'>99¹</span> <span class='ocrx_word' id='word_1_351' title='bbox 1962 3889 1975 3922; x_wconf 70' lang='grc' dir='ltr'>ς</span> <span class='ocrx_word' id='word_1_352' title='bbox 1998 3872 2126 3921; x_wconf 69' lang='lat' dir='ltr'>Viva</span> <span class='ocrx_word' id='word_1_353' title='bbox 2139 3873 2319 3923; x_wconf 77' lang='lat' dir='ltr'>videns</span> <span class='ocrx_word' id='word_1_354' title='bbox 2331 3875 2447 3924; x_wconf 68' lang='lat' dir='ltr'>vieo</span> 
     </span>
     <span class='ocr_line' id='line_1_61' title="bbox 1430 3949 2449 4019; baseline 0.005 -21"><span class='ocrx_word' id='word_1_355' title='bbox 1430 3950 1842 4018; x_wconf 66' lang='lat' dir='ltr'>sepelirivelccem</span> <span class='ocrx_word' id='word_1_356' title='bbox 1856 3954 2016 4001; x_wconf 79' lang='lat' dir='ltr'>buslo.</span> <span class='ocrx_word' id='word_1_357' title='bbox 2032 3949 2211 4002; x_wconf 85' lang='lat' dir='ltr'>Etiam</span> <span class='ocrx_word' id='word_1_358' title='bbox 2229 3949 2310 4002; x_wconf 86' lang='lat' dir='ltr'>alii</span> <span class='ocrx_word' id='word_1_359' title='bbox 2329 3970 2449 4019; x_wconf 85' lang='lat' dir='ltr'>poe·</span> 
     </span>
     <span class='ocr_line' id='line_1_62' title="bbox 1434 4029 2449 4099; baseline 0.003 -20"><span class='ocrx_word' id='word_1_360' title='bbox 1434 4038 1499 4080; x_wconf 78' lang='lat' dir='ltr'>1ae</span> <span class='ocrx_word' id='word_1_361' title='bbox 1514 4036 1758 4080; x_wconf 80' lang='lat' dir='ltr'>ventrem</span> <span class='ocrx_word' id='word_1_362' title='bbox 1776 4047 1899 4082; x_wconf 84' lang='lat' dir='ltr'>cum</span> <span class='ocrx_word' id='word_1_363' title='bbox 1919 4029 2157 4098; x_wconf 85' lang='lat' dir='ltr'>sepulcro</span> <span class='ocrx_word' id='word_1_364' title='bbox 2172 4048 2449 4099; x_wconf 86' lang='lat' dir='ltr'>compara-</span> 
     </span>
     <span class='ocr_line' id='line_1_63' title="bbox 1431 4103 2448 4179; baseline 0.001 -21"><span class='ocrx_word' id='word_1_365' title='bbox 1431 4114 1577 4158; x_wconf 89' lang='lat' dir='ltr'>runt.</span> <span class='ocrx_word' id='word_1_366' title='bbox 1615 4103 1954 4159; x_wconf 88' lang='lat' dir='ltr'>Burmannus</span> <span class='ocrx_word' id='word_1_367' title='bbox 1990 4105 2165 4159; x_wconf 86' lang='lat' dir='ltr'>laudat</span> <span class='ocrx_word' id='word_1_368' title='bbox 2188 4106 2448 4179; x_wconf 78' lang='lat' dir='ltr'>Lycopbr.</span> 
     </span>
     <span class='ocr_line' id='line_1_64' title="bbox 1435 4180 2448 4254; baseline 0.005 -21"><span class='ocrx_word' id='word_1_369' title='bbox 1435 4180 1578 4233; x_wconf 88' lang='lat' dir='ltr'>Cass.</span> <span class='ocrx_word' id='word_1_370' title='bbox 1601 4184 1694 4254; x_wconf 81' lang='lat'>¹59</span> <span class='ocrx_word' id='word_1_371' title='bbox 1709 4221 1723 4248; x_wconf 85' lang='lat'>,</span> <span class='ocrx_word' id='word_1_372' title='bbox 1740 4182 1829 4249; x_wconf 86' lang='lat' dir='ltr'>qui</span> <span class='ocrx_word' id='word_1_373' title='bbox 1853 4182 1920 4235; x_wconf 87' lang='lat' dir='ltr'>de</span> <span class='ocrx_word' id='word_1_374' title='bbox 1936 4181 2136 4237; x_wconf 87' lang='lat' dir='ltr'>Cerere</span> <span class='ocrx_word' id='word_1_375' title='bbox 2159 4185 2448 4237; x_wconf 75' lang='lat' dir='ltr'>mandente</span> 
     </span>
     <span class='ocr_line' id='line_1_65' title="bbox 1436 4256 2450 4333; baseline 0.005 -21"><span class='ocrx_word' id='word_1_376' title='bbox 1436 4256 1647 4328; x_wconf 59' lang='lat' dir='ltr'>Pelopis</span> <span class='ocrx_word' id='word_1_377' title='bbox 1686 4258 1972 4316; x_wconf 80' lang='lat' dir='ltr'>humerum</span> <span class='ocrx_word' id='word_1_378' title='bbox 2013 4261 2137 4317; x_wconf 85' lang='lat' dir='ltr'>dicit</span> <span class='ocrx_word' id='word_1_379' title='bbox 2166 4282 2178 4315; x_wconf 92' lang='lat'>:</span> <span class='ocrx_word' id='word_1_380' title='bbox 2212 4267 2450 4333; x_wconf 71' lang='grc' dir='ltr'>ἰτῦμεεπε</span> 
     </span>
    </p>
   </div>
  </div>
 </body>
</html>
