3217 5134
625 518 1677 606 METAMORPHOSEON
1737 540 1938 611 LIB.
1995 549 2107 615 ῙῙ.

2314 547 2432 630 145

287 686 344 758 »-
372 654 583 750 Finge
618 657 812 733 datos
839 688 1114 739 currus:
1145 667 1307 767 quid
1332 675 1533 767 agas?
1563 678 1903 776 poterisne
1936 689 2168 764 rotatis

293 801 332 834 n
381 770 650 846 Obvius
681 773 778 847 ire
808 773 1020 876 polis,
1057 807 1142 856 ne
1179 798 1241 884 te
1270 785 1442 860 citus
1474 790 1728 865 auferat
1759 795 1951 871 axis?
2369 833 2432 901 75

285 917 325 949 »
363 885 680 961 Forsitan
713 908 779 963 et
813 888 1003 970 lucos
1042 892 1212 984 illic,
1245 898 1610 1003 urbesque,
1655 905 2027 1013 domosque

279 1031 320 1065 »
369 999 725 1103 Concipias
757 1007 980 1081 animo
1002 1065 1022 1098 ‚
1064 1010 1474 1116 delubraque
1505 1017 1668 1094 ditia
1700 1021 1893 1098 donis

278 1146 321 1179 »
365 1115 532 1190 Esse
560 1148 576 1190 :
610 1147 733 1220 per
760 1121 1035 1199 insidias
1068 1127 1198 1203 iter
1232 1148 1369 1219 est,
1398 1131 1774 1238 formasque
1806 1139 2128 1220 serarum:

278 1263 320 1295 »
362 1233 590 1335 thue
619 1235 792 1311 viam
828 1256 1090 1332 teneas,
1124 1243 1449 1348 nulloque
1482 1277 1702 1328 errore
1735 1256 2056 1350 traharis;

277 1381 318 1412 »
361 1348 490 1423 Per
523 1368 742 1428 tamen
775 1356 1032 1432 adversi
1069 1362 1387 1455 gradieris
1422 1395 1668 1444 cornua
1693 1373 1931 1462 Tauri,
2353 1410 2420 1459 ευ

275 1496 316 1527 »
364 1466 888 1573 Haemoniosque
921 1503 1110 1550 arcus
1133 1534 1150 1566 ,
1185 1478 1592 1585 violentique
1629 1516 1745 1562 ora
1776 1492 2059 1584 LeoniS,

283 1612 321 1644 »
365 1579 680 1685 Saevaque
717 1587 1000 1664 circuitu
1037 1613 1414 1671 curvantem
1446 1597 1717 1676 brachia
1746 1603 1951 1702 longo

268 1767 488 1823 Ernesti
525 1768 671 1825 Clav.
721 1772 831 1828 Cic.
863 1775 916 1830 h.
940 1795 987 1831 ν.
1007 1807 1075 1819 -
1106 1781 1296 1838 Vincit.

265 1847 507 1904 F'lorent.
530 1856 711 1905 vincat
724 1871 743 1917 ,·
770 1853 894 1909 binc
918 1858 1103 1912 Burm.
1127 1861 1291 1917 etiam

264 1926 541 1995 suadebat,
553 1950 619 1982 ne
631 1950 724 1984 me.
739 1931 916 1987 Nostri
933 1933 1103 1990 codd.
1113 1946 1291 1995 vincit.

335 2008 413 2074 74.
437 2006 700 2061 Poterisne
730 2016 911 2063 rotatis
945 2024 1043 2068 etc.
1085 2013 1290 2070 Celum

267 2092 517 2136 movetur
551 2085 685 2137 circa
697 2090 852 2152 polos
874 2109 891 2140 .·
914 2087 970 2142 hi
1006 2111 1134 2163 ergo
1169 2106 1294 2149 sunt

267 2159 431 2213 veluti
452 2168 574 2213 rote
589 2167 715 2214 celi.
739 2163 779 2216 J
780 2183 864 2217 arn
886 2171 1081 2222 obvium
1111 2177 1185 2224 ire
1204 2191 1289 2227 ro-

265 2243 394 2290 talis
413 2242 555 2305 polea
586 2250 663 2293 est
687 2240 718 2293 i.
743 2260 792 2311 q.
820 2244 973 2312 paulo
998 2259 1119 2300 ante
1135 2288 1150 2311 ,
1189 2269 1287 2302 ra·-

253 2315 383 2381 pe’do
397 2319 699 2370 orbiconlm
709 2323 879 2384 emti,-
899 2340 1022 2374 nam
1035 2343 1130 2394 per
1137 2329 1288 2394 polos

263 2413 411 2448 nunc
440 2395 663 2450 omnino
699 2398 884 2452 caelum
922 2401 1285 2474 intelligemus.

261 2471 453 2523 lolem
461 2479 679 2527 rotatum
688 2474 994 2532 habetPlin.
1011 2480 1148 2534 Hist.
1164 2483 1285 2538 Nat.

261 2548 318 2601 ῙῙ
337 2589 354 2614 ,
373 2550 407 2601 3
431 2571 445 2614 ;
478 2548 754 2606 Claudian.
783 2554 853 2621 V,
876 2562 968 2625 527
984 2598 997 2624 ,
1021 2562 1136 2610 dum
1159 2569 1290 2614 rotet

257 2629 605 2696 qstmpolns„
620 2629 707 2682 ubi
727 2628 948 2684 Gesner.
973 2645 1137 2700 notat,
1163 2635 1286 2705 pul-

257 2701 447 2756 cbram
461 2722 572 2757 esse
588 2705 932 2777 phantasiam,
950 2713 1093 2780 quasi
1107 2724 1283 2768 motus

253 2782 575 2853 principium
591 2786 658 2839 sit
671 2785 726 2838 in
744 2805 833 2840 axe
847 2788 956 2858 illo,
971 2791 1106 2846 circa
1120 2811 1281 2861 quem

251 2861 443 2915 caetum
465 2864 702 2922 vertitur.
743 2867 927 2936 Itaque
965 2880 1019 2924 et
1057 2870 1281 2928 Ovidius

254 2938 434 3003 addit,
469 2960 535 2994 ne
558 2949 610 2993 te
630 2947 766 2996 citus
788 2955 886 2998 etc.
977 2935 990 2956 ¹

301 3017 402 3086 76.
439 3018 744 3088 Danaosque.
770 3020 944 3075 codd.
969 3026 1135 3079 nostri
1158 3025 1279 3080 RR.

249 3097 493 3149 Deorum.

320 3195 402 3245 77.
439 3177 712 3244 Concejofias
745 3184 927 3233 enimv.
961 3184 1190 3248 Φαντάςη.
1210 3211 1277 3227 —

245 3253 440 3317 Domi«,
454 3254 510 3306 in
525 3255 713 3323 quibus
725 3275 843 3310 vasa
855 3259 910 3311 in
926 3261 1107 3329 primis
1119 3281 1275 3317 sacra.

243 3332 314 3386 cs.
333 3333 523 3402 virgil.
551 3334 765 3388 AEneid.
795 3336 821 3389 Ῑ
839 3377 854 3404 ,
881 3339 1275 3405 446.—F0rme

231 3409 475 3476 sermm
499 3422 626 3483 sunt
650 3412 776 3466 seroe
795 3413 950 3483 ipsae:
976 3415 1092 3471 vide
1114 3417 1180 3471 ad
1211 3420 1238 3473 1
1259 3462 1276 3492 ,

243 3490 632 3559 73.-·Inse’de‘ae
652 3493 851 3562 elfere,
871 3497 915 3548 ἓν
940 3497 1021 3550 διά
1042 3504 1183 3564 duob,
1200 3500 1273 3552 se·

235 3588 318 3623 τε
359 3570 684 3626 insidiantes.
736 3573 1043 3645 Intelligunt
1093 3588 1270 3631 autem

229 3647 415 3702 sidera
443 3649 660 3703 Zodiaci
676 3689 692 3718 ,
721 3669 836 3720 quae
861 3663 1128 3707 certarum
1154 3657 1272 3709 ani-

227 3726 512 3780 mantium
545 3726 738 3797 figuras
781 3731 1038 3784 referunt.
1078 3760 1146 3773 ·-
1201 3735 1275 3787 Ut

221 3813 446 3867 teneas,
489 3804 632 3876 finge
665 3816 716 3860 te
753 3817 952 3862 tenere.
985 3835 1052 3851 —
1087 3813 1270 3866 Ermre

209 3886 389 3938 drake*
408 3884 705 3950 exquisitius
732 3904 893 3954 quam
923 3907 1100 3944 errare.

301 3962 392 4015 80.
434 3963 535 4014 Per
556 3969 719 4016 lamen
751 3969 965 4020 adversi.
1006 3967 1266 4037 Loquitur

213 4042 304 4096 ita
319 4078 340 4107 ,
368 4048 432 4092 ut
455 4039 534 4092 sol
559 4043 733 4095 omnia
757 4043 854 4096 ista
876 4045 1022 4115 signa
1045 4064 1154 4100 uno
1179 4047 1263 4101 die

215 4136 554 4190 [καὶαπ-εκ
581 4119 819 4174 videatur
838 4160 853 4188 ,
884 4141 1001 4191 quae
1026 4141 1135 4176 non
1166 4125 1266 4178 nisi

213 4197 433 4266 integri
476 4198 603 4250 anni
648 4200 815 4269 spatio
850 4203 1113 4271 percurrit
1140 4224 1154 4268 3
1206 4204 1263 4257 in

216 4293 348 4347 quo
370 4274 542 4329 utitur
563 4276 770 4331 licentia
795 4280 960 4350 poetis
990 4298 1259 4352 concessa,

467 4376 626 4444 III.

1395 1795 1457 1842 ut
1488 1799 1638 1845 tanto
1669 1794 1855 1851 fortius
1887 1797 2150 1858 deterreat
2176 1807 2413 1864 animum

1395 1865 1651 1922 audacem
1687 1871 2035 1933 Phaethontis
2057 1900 2085 1931 a
2108 1886 2402 1955 proposito:

1388 1942 1493 1996 vid.
1531 1947 1679 2002 Alex.
1723 1951 2006 2011 Tassonius
2038 1960 2090 2012 in
2123 1963 2277 2019 Pens.
2310 1966 2413 2021 div.

1393 2020 1470 2074 lx
1491 2063 1507 2091 ,
1542 2026 1639 2089 363
1672 2047 1837 2098 quem
1860 2033 2410 2100 laudavitBurmann.

1389 2098 1653 2157 Recenset
1676 2118 1854 2162 autem
1877 2114 2175 2173 saevissimas
2197 2131 2407 2178 tantum

1387 2178 1583 2233 formas
1602 2221 1618 2249 ,
1644 2194 1700 2238 et
1718 2202 1778 2237 ea
1798 2187 1853 2241 in
1879 2191 2058 2259 primis
2080 2200 2352 2270 nominat,
2376 2224 2406 2256 a

1387 2256 1572 2325 quibus
1588 2258 1690 2314 iuae
1703 2267 2004 2323 metuenda.-
2015 2283 2153 2328 sunt.
2167 2303 2230 2322 —·
2251 2281 2417 2335 Tauri

1383 2332 1594 2404 signum
1627 2339 1707 2392 sol
1747 2340 2140 2413 ingrediebatur
2176 2353 2257 2406 lv
2283 2356 2405 2411 Kal.

1383 2410 1551 2480 Mam
1588 2415 1775 2472 Manil.
1812 2421 1873 2490 1,
1923 2426 2019 2479 516
2052 2447 2065 2481 ε
2097 2432 2288 2502 Quique
2308 2440 2403 2490 seb

1379 2497 1875 2551 averst'numeranlur
1885 2506 2048 2557 sidere
2073 2509 2241 2565 Tam:
2258 2513 2402 2586 Hyg.

1379 2568 1596 2625 Astron.
1615 2572 1718 2641 111,
1735 2596 1799 2629 20
1815 2597 1829 2631 ε
1847 2582 1953 2634 Hic
1970 2583 2176 2641 Taurus
2191 2611 2398 2647 aversus

1379 2652 1539 2699 orilur
1561 2660 1615 2704 et
1639 2658 1841 2709 accida.
1871 2658 2015 2712 Hinc
2038 2661 2270 2736 Scaliger
2286 2708 2301 2736 ,
2329 2671 2394 2724 ad

1379 2723 1565 2780 Manil.
1582 2747 1632 2798 p.
1652 2751 1710 2804 9,
1736 2738 2013 2791 contendit
2026 2779 2041 2806 ,
2065 2753 2118 2794 ct
2135 2744 2219 2798 hic
2231 2756 2404 2803 aversi

1375 2801 1662 2874 legendum
1689 2828 1812 2865 esse.
1840 2813 1912 2867 At
1934 2833 2077 2871 nunc
2097 2839 2207 2874 non
2237 2843 2396 2894 quoe-

1375 2880 1513 2934 ritur
1528 2923 1543 2949 ‚
1570 2887 1840 2954 quomodo
1857 2889 1914 2943 in
1938 2894 2123 2948 caelum
2145 2901 2319 2956 veniat
2342 2917 2397 2960 et

1373 2954 1498 3012 inde
1519 2960 1769 3031 decedat,
1788 2965 1881 3019 sed
1902 2987 2007 3038 quo
2020 2987 2234 3041 spectet.
2249 2982 2398 3050 Spec-

1371 3040 1457 3087 tat
1474 3055 1537 3089 au
1544 3048 1652 3090 tem
1662 3044 1741 3092 ad
1745 3051 1969 3100 exortum
1989 3054 2142 3104 solem
2157 3074 2174 3107 .·
2192 3055 2390 3130 Hygin.

1373 3109 1587 3168 Astron.
1615 3116 1702 3185 11,
1734 3139 1812 3173 21.
1847 3121 2013 3193 Igitur
2035 3134 2389 3189 adeersireti-

1371 3189 1628 3247 nendum.
1689 3194 1772 3248 Eo
1810 3196 1921 3269 ipso
1957 3205 2200 3263 terribilis
2239 3224 2354 3267 erat
2369 3255 2387 3283 ,

1371 3267 1513 3335 quod
1526 3275 1766 3327 adversus
1783 3292 1805 3342 ς
1829 3290 2013 3336 contra
2022 3289 2385 3345 auerse‘adver-

1368 3356 1512 3398 satur
1531 3351 1746 3407 consilio
1771 3354 1973 3412 Phoebi.

1436 3426 1468 3478 8
1476 3447 1494 3480 ι
1503 3465 1516 3479 .
1529 3430 1821 3488 Hemone‘os
1832 3455 1996 3491 arcus.
2022 3439 2382 3519 Sagittarium,

1368 3502 1459 3572 qui
1482 3503 1700 3577 fingitur
1720 3530 1843 3564 arcu
1867 3524 2016 3568 tenso
2033 3556 2049 3585 ,
2074 3522 2219 3589 quasi
2247 3527 2382 3578 mit-

1367 3591 1476 3633 tere
1491 3582 1756 3653 incipiens.
1772 3591 2060 3647 Hemom'os
2079 3616 2171 3651 seu
2198 3600 2380 3657 Thes-

1363 3658 1542 3713 salicos
1567 3662 1691 3728 (vid.
1717 3664 1784 3717 ad
1808 3667 1835 3719 Ι
1849 3708 1865 3735 ,
1896 3670 2012 3737 568)
2032 3712 2048 3740 ,
2075 3676 2196 3744 quia
2218 3700 2377 3735 com-

1363 3735 1539 3805 plures
1558 3741 1853 3813 tradebant,
1871 3745 2013 3802 hunc
2035 3751 2376 3825 Sagittarium

1364 3827 1517 3871 antea
1537 3820 1690 3875 fuisse
1710 3821 2042 3883 Centaurum
2061 3852 2074 3886 :
2092 3835 2289 3908 Hygin.
2315 3844 2376 3900 P.

1362 3895 1428 3950 A.
1472 3898 1553 3966 11,
1589 3922 1670 3972 27.
1715 3891 1972 3962 Centauri
2007 3924 2184 3969 autem
2225 3933 2377 3976 erant

1361 3974 1607 4033 Thessali.

1359 4130 1518 4184 etiam
1534 4152 1719 4189 cornua
1731 4149 1786 4192 et
1789 4140 1951 4206 [τινι-ο
1963 4144 2225 4204 dicuntur.
2241 4152 2374 4211 Cur—

1356 4219 1443 4262 vat
1457 4210 1665 4265 brachia
1680 4218 1830 4284 longo
1846 4224 2072 4289 circuilu,
2099 4230 2221 4298 quia
2232 4231 2373 4290 inte-

1358 4288 1438 4355 gri
1469 4289 1602 4359 signi
1625 4293 1852 4364 spatium
1877 4305 2217 4378 occupabant,
2242 4332 2374 4368 vers.

2022 4429 2099 4474 10
