3217 5134
539 559 1620 637 METAMORPHOSEON
1674 572 1867 639 LIB.
1931 575 2071 643 VI.

242 727 278 760 »
319 696 593 768 Latonae
622 696 821 771 turba
852 729 869 770 ε
899 728 1045 799 quae
1083 718 1405 801 quantum
1444 701 1648 776 distat
1681 702 1765 777 ab
1800 705 2014 779 orba?

2242 556 2372 660 '433

2285 747 2383 784 200

240 842 279 875 2>
322 811 424 884 Ite
455 813 701 900 sacris,
737 832 1091 915 properate
1126 816 1368 905 sacris;
1406 815 1797 920 laurumque
1829 819 2085 922 capillis

232 982 423 1052 igitur:
439 984 544 1043 Ite,
563 990 654 1037 sot
661 991 743 1037 est
750 1005 908 1053 opera·
919 992 1110 1050 sactes,
1138 1000 1283 1061 aut,

231 1063 616 1131 Ite‚sat1spro
637 1083 691 1117 re
712 1071 883 1127 sacri.
913 1078 1002 1120 aut
1030 1069 1107 1120 Ite
1129 1028 1283 1121 s⁰at1s

220 1160 448 1207 propere
467 1146 662 1204 sac-nir,
689 1153 749 1196 ut
773 1162 867 1212 per
891 1155 1259 1215 contemptum

230 1220 302 1272 ita
324 1219 546 1289 appellet
562 1219 857 1275 Thebaidas
881 1223 1129 1278 mulieres
1157 1245 1257 1279 su-

229 1297 549 1366 perstitiosas
563 1337 579 1363 ,
597 1297 914 1369 festinansque
934 1300 997 1353 ad
1016 1321 1159 1355 sacra
1174 1322 1259 1356 ac-

228 1374 488 1444 cipienda.
523 1376 634 1429 Jac.
669 1375 1005 1445 Gronovius,
1042 1380 1096 1433 in
1124 1381 1255 1435 An·-

227 1453 535 1522 tiquitatum
585 1453 893 1509 Graecarum
965 1457 1211 1513 thesauro
1235 1501 1249 1528 ,

228 1543 360 1586 tom.
388 1532 448 1601 1,
474 1534 723 1588 volebat:
743 1537 821 1588 Ite
834 1556 944 1589 ans
958 1556 1169 1605 propere
1185 1544 1253 1593 ab

221 1615 432 1664 sacris·
413 1650 428 1676 ,
472 1611 812 1668 Burmannus
855 1614 1253 1684 conjectus-abae

222 1690 332 1751 Ite,
359 1709 538 1742 manns
550 1693 812 1757 prohibete
824 1699 1016 1759 sacns;
1041 1694 1255 1749 Schira-

220 1768 520 1824 chius:1te
554 1776 718 1834 sales,
752 1781 1017 1841 properate
1047 1794 1240 1838 sacr-ts,

219 1843 368 1917 qnod
408 1845 548 1899 inter
584 1847 680 1901 alia
713 1860 944 1903 suaserat
981 1851 1250 1905 Heinsius.

228 1922 313 1975 Ex
353 1921 431 1976 his
467 1925 712 1977 omnibus
745 1926 1169 1995 corruptionibus
1193 1946 1252 1979 ac

219 2000 693 2056 disturbationibus
732 2004 924 2057 horum
956 2024 1206 2058 versuum
1233 2045 1249 2071 ,

232 2079 318 2131 vix
347 2099 530 2134 sensus
570 2081 881 2135 commodus
913 2082 1027 2135 erui
1064 2092 1250 2151 potest.

220 2157 333 2211 Nos
356 2157 812 2227 interpunximus‚
849 2176 961 2212 non
989 2170 1107 2228 post
1129 2161 1251 2211 La-

220 2241 381 2295 tone,
415 2234 507 2289 sed
548 2246 664 2305 post
699 2239 847 2288 turba
872 2276 886 2297 ,
920 2246 972 2288 et
994 2256 1090 2305 quo
1123 2254 1247 2289 mu-

220 2314 445 2367 tavimus
487 2314 540 2365 in
590 2332 718 2380 que.
765 2313 963 2367 Sensus
996 2334 1008 2367 :
1057 2313 1117 2368 Si
1159 2314 1242 2369 vel

219 2392 448 2443 maxime
464 2388 699 2460 pluribus
714 2390 888 2447 liberis
900 2391 1110 2461 spolier,
1129 2411 1240 2445 non

219 2482 399 2525 tamen
423 2469 638 2522 intanta
663 2489 908 2524 meorum
931 2473 1081 2525 turba
1098 2471 1242 2525 redi-

218 2570 309 2621 gar
333 2547 399 2602 ad
425 2568 713 2601 numerum
736 2549 966 2603 duorum
994 2550 1236 2617 Latonam

214 2647 321 2696 que
374 2644 497 2679 cum
540 2624 745 2680 duobus
788 2627 893 2680 suis
910 2668 924 2693 ‚
962 2635 1233 2697 quantum,

217 2725 375 2775 quam
395 2709 800 2776 parum,d1stat
816 2711 883 2759 ab
910 2712 1034 2761 orba
1049 2712 1079 2763 ?
1095 2707 1237 2786 Mu-

215 2785 399 2839 tationi
414 2784 534 2838 huic
549 2826 563 2851 ‚
588 2804 748 2855 quam
764 2806 945 2841 sensus
964 2807 1237 2841 commen-

212 2863 334 2930 dat,
388 2863 584 2917 accedit
619 2863 813 2934 aliquid
856 2866 1175 2919 auctoritatis
1205 2886 1235 2920 e

212 2941 379 2996 MSS.
422 2941 638 2995 Etenim
678 2941 932 2995 Ciosanus
961 2982 975 3010 ,
1020 2963 1048 2996 e
1099 2944 1234 2997 libro

209 3019 445 3083 Briant„
481 3019 716 3086 notavit,
749 3021 989 3083 Latona,
1031 3024 1186 3073 turbe
1205 3024 1235 3074 P

208 3118 316 3166 que
348 3105 596 3165 quantum.
640 3098 815 3167 Atque
849 3097 1007 3150 etiam
1048 3100 1233 3151 Hein-

207 3174 315 3228 sius
337 3194 445 3243 que
465 3174 520 3227 in
546 3174 849 3228 melioribus
862 3175 1071 3244 reperit.
1093 3176 1233 3229 Len-

208 3255 319 3308 zins
351 3266 404 3308 et
437 3254 544 3325 ipse
581 3256 767 3325 probat
796 3277 934 3325 que,
972 3257 1061 3310 sed
1100 3277 1233 3312 con-

206 3333 384 3402 jungit
403 3338 550 3387 turba
574 3338 640 3387 ab
658 3339 802 3396 orba,
839 3334 888 3387 id
908 3346 1018 3403 est,
1048 3356 1076 3388 a
1101 3336 1232 3405 mul·

205 3409 435 3464 titudine
459 3431 644 3465 eorum
666 3453 680 3479 ,
708 3414 796 3483 qui
814 3414 960 3466 omni
983 3375 1128 3485 prole
1150 3434 1229 3469 ca·

206 3499 347 3543 rent.
391 3488 449 3542 si
497 3490 732 3559 proxima
770 3511 1068 3560 servamus,
1102 3512 1228 3546 sane

202 3576 321 3636 post
348 3571 419 3620 ite
455 3576 507 3619 et
535 3574 823 3635 properate,
870 3568 1226 3641 subintelligi-

202 3664 325 3697 mus
349 3645 773 3715 praepositionem
793 3666 844 3697 a.

271 3721 353 3775 Ea
376 3724 475 3776 suit
491 3724 670 3794 opinio
697 3722 778 3777 cl.
809 3724 987 3792 Gla-125
1005 3734 1058 3776 et
1070 3733 1228 3778 caete-

200 3822 389 3859 rorum
408 3824 539 3873 quos
558 3805 882 3858 nominavit:
905 3804 958 3858 in
988 3803 1087 3858 hoc
1112 3805 1227 3858 loco

199 3891 313 3934 tam
339 3879 537 3934 difficili
566 3882 717 3936 liceat
754 3902 962 3952 quoque
988 3893 1224 3936 nostram

197 3959 636 4013 emendationem
672 3973 1011 4031 nostramque
1051 3962 1227 4033 expla-

197 4040 479 4093 nationem
498 4041 770 4108 subjicere.
788 4042 973 4095 Primo
992 4042 1225 4094 dicamus

196 4137 318 4189 qua
340 4117 411 4171 sit
430 4117 585 4172 lectio
609 4130 912 4173 nostrorum
933 4118 1225 4175 Codicum:

196 4210 312 4251 Nun
340 4218 471 4248 tamen
500 4208 551 4249 ed
591 4223 799 4250 nnmerum
830 4214 981 4262 redigar
1012 4212 1174 4262 spoliata

296 4283 505 4323 duorum?

204 4355 271 4396 1oe
284 4355 430 4404 saeris,
449 4369 611 4407 propere
621 4356 739 4397 suria·
748 4369 762 4409 3
772 4358 1006 4410 lentumque
1020 4357 1173 4411 capitii·

385 4436 559 4502 III.

1355 1000 1521 1040 Ponite:
1542 1002 1745 1053 deponunt
1762 1003 1984 1056 infectoque
2004 1017 2112 1043 ucr-
2133 1006 2387 1059 relinquun23

1354 1078 1551 1129 Quodque
1574 1079 1667 1117 lieet
1690 1108 1704 1127 ,
1736 1079 1856 1119 tacito
1887 1088 2127 1120 ”meatur
2165 1094 2368 1123 murmure

1454 1165 1600 1190 numen

1354 1224 1536 1275 Intonn3
1561 1226 1677 1264 turb·
1695 1235 1888 1278 quantum
1909 1226 2080 1266 distabat
2098 1228 2149 1266 ab
2175 1228 2283 1268 orbo.

1355 1297 1435 1351 lta
1451 1317 1628 1352 versus
1641 1308 1907 1354 extremus
1924 1300 2117 1371 legitur
2130 1294 2187 1356 in
2202 1302 2381 1358 codice

1353 1377 1438 1440 A;
1467 1377 1560 1431 sed
1591 1377 1774 1433 Codex
1801 1380 1846 1433 B
1867 1379 2028 1436 habet
2051 1382 2243 1437 eodem
2265 1384 2381 1439 loco

1353 1458 1564 1510 latona·
1574 1464 1720 1511 turba
1731 1478 1751 1525 ,·
1770 1481 1882 1530 qua·
1894 1469 2130 1530 quantum
2141 1467 2306 1516 distat
2315 1470 2383 1518 ab

1349 1538 1473 1587 orba
1491 1537 1522 1588 ,Ρ
1547 1536 1769 1605 uterque
1795 1538 1977 1606 rejecit
1999 1558 2210 1593 versum
2241 1547 2371 1593 toa-

1351 1619 1453 1666 tum
1464 1621 1700 1668 animosa
1717 1626 1813 1669 etc.
1834 1656 1850 1683 ,
1869 1628 2012 1670 certe
2028 1618 2288 1687 spurium,
2307 1618 2374 1673 de

1349 1708 1457 1757 quo
1484 1690 1719 1759 loquitur
1749 1691 1831 1745 Cl.
1864 1695 2053 1762 θὼν-ιζ.
2078 1693 2216 1763 Quae
2253 1695 2368 1748 lec.-

1350 1768 1519 1822 tiones
1544 1769 1713 1822 ultimi
1732 1789 1911 1824 versus
1931 1788 2043 1823 non
2061 1791 2248 1841 parum
2273 1775 2369 1825 im·

1338 1845 1571 1913 pediam
1605 1848 1882 1900 sententiae
1924 1859 2168 1902 tenorem
2190 1874 2203 1914 ;
2242 1870 2370 1905 nam

1349 1931 1535 1975 caetera
1554 1962 1569 1988 ‚
1609 1942 1772 1991 usque
1824 1923 1888 1975 ad
1938 1923 2081 1977 hunc
2122 1946 2331 1979 versum
2354 1968 2370 1994 ,

1348 1997 1501 2067 plane
1540 1997 1747 2064 fluunt;
1796 2000 1927 2053 nihil
1973 2002 2118 2055 enim
2148 2002 2371 2058 vividius

1349 2075 1446 2130 hac
1465 2077 1881 2147 interrogatione
1909 2097 1922 2130 ι
1947 2081 2145 2146 M'ngite
2165 2083 2338 2135 demi..
2355 2121 2369 2134 .

1347 2174 1465 2207 num
1494 2162 1701 2208 tamen..
1717 2198 1731 2210 .
1752 2161 1956 2224 redigar
1974 2162 2005 2214 ?
2029 2157 2177 2227 Quid
2206 2160 2371 2229 aptius

1349 2243 1427 2287 est
1450 2233 1693 2288 ferociori
1707 2235 1937 2304 jubentis
1957 2237 2172 2293 seminae
2192 2239 2373 2294 animo

1341 2333 1504 2382 quam
1544 2316 1642 2369 ista
1681 2317 1937 2370 acerbiter
1964 2316 2142 2372 dicta.
2131 2339 2141 2349 ·
2173 2321 2251 2372 Ite
2272 2339 2370 2373 sa-

1337 2397 1859 2461 cr1s‚properesacr1's
1872 2395 2157 2461 abscedite;
2175 2408 2228 2450 et
2246 2402 2364 2452 lau-

1335 2491 1444 2523 rum
1444 2490 1567 2541 ,qua
1579 2472 1915 2543 praecingitur
1934 2484 2089 2543 caput
2102 2486 2357 2545 vestrum,

1334 2549 1577 2615 deponite.
1595 2550 1869 2617 Deponunt
1886 2550 2134 2619 quidem;
2152 2552 2244 2605 sed
2267 2554 2362 2605 mi·

1330 2627 1464 2680 reris
1494 2638 1700 2680 metum
1747 2628 1884 2699 vulgi
1923 2630 2361 2684 inconstantiam-

1334 2723 1438 2773 que
1457 2725 1470 2759 z
1489 2704 1639 2774 dum,
1655 2706 1848 2760 Niobes
1868 2720 2033 2775 metu,
2049 2728 2202 2761 sacra
2212 2710 2365 2763 Lato·

1332 2801 1414 2834 nae
1434 2787 1717 2852 relt’nquunt
1732 2824 1744 2846 ,
1766 2782 1902 2838 hanc
1923 2792 2082 2838 tacito
2094 2807 2361 2850 murmure,

1329 2865 1603 2930 quodlicet,
1621 2871 1930 2916 venerantur.
1945 2865 2088 2917 Nihil
2105 2864 2356 2920 hactenus

1331 2939 1473 3008 quod
1496 2959 1607 2993 non
1644 2939 1919 2993 laudemus
1944 2961 1955 2994 ε
1988 2940 2078 2994 sed
2114 2942 2238 3012 quid
2266 2942 2350 2997 hic

1326 3032 1505 3070 versus
1529 3015 1624 3070 iste
1645 3036 1657 3070 :
1689 3020 1927 3084 latonam·
1950 3022 2096 3072 turbo
2112 3028 2351 3088 quantum

1325 3095 1557 3147 dektobat
1576 3098 1643 3147 ab
1659 3099 1810 3159 orba,
1844 3115 2004 3166 quem
2021 3098 2167 3150 nullo
2187 3098 2351 3151 modo

1323 3171 1659 3242 interpretari
1697 3192 1855 3242 queas
1875 3213 1889 3241 ,
1939 3174 2143 3228 etiamsi
2186 3177 2345 3230 utaris

1327 3254 1490 3324 glossa
1523 3255 1798 3327 marginali
1827 3275 1986 3325 quam
2025 3255 2180 3310 habet
2221 3256 2347 3310 Co-

1324 3332 1421 3387 dex
1444 3333 1572 3387 alius
1596 3334 1984 3403 antiquissimus
2003 3373 2017 3400 ,
2067 3334 2154 3403 qui
2184 3353 2342 3387 eam-

1324 3410 1448 3464 dem
1489 3413 1687 3481 praebet
1721 3412 2035 3475 lectionem;
2064 3430 2124 3463 ea
2150 3431 2342 3482 nempe

1322 3502 1400 3544 est
1424 3492 1586 3561 glossa
1605 3531 1621 3559 ,
1644 3511 1681 3543 a
1709 3495 1855 3544 turba
1880 3495 2107 3543 orbarum
2133 3498 2343 3544 matrum

1319 3577 1556 3640 quantum
1577 3574 1820 3623 dt'stabat.
1848 3570 2031 3640 Quare
2052 3569 2195 3625 hunc
2219 3592 2344 3625 ver-

1318 3667 1436 3701 sum
1450 3686 1467 3715 ‚
1487 3647 1585 3701 hoc
1604 3649 1718 3701 loco
1738 3649 1919 3701 saltem
1938 3648 2201 3714 inutilem,
2218 3669 2340 3702 cum

1323 3722 1406 3778 Cl.
1436 3728 1641 3793 Gierejf,
1671 3735 1788 3794 post
1804 3744 2012 3778 versum
2031 3727 2164 3779 Num
2177 3732 2345 3779 tamen

1318 3803 1697 3872 relinquimus3
1735 3813 1819 3865 et,
1857 3806 2051 3855 turbam
2075 3822 2171 3872 pro
2198 3808 2346 3856 turba

1316 3882 1599 3936 scribentes
1620 3922 1634 3948 ,
1687 3883 1760 3957 ita
1811 3883 2125 3952 explicamus
2167 3895 2338 3936 totum

1317 3960 1492 4013 locum
1517 3980 1529 4015 ε
1560 3984 1585 4007 κ
1604 3962 1751 4014 Num
1771 3962 1931 4031 igitur
1945 3962 2159 4031 spoliata
2181 3962 2334 4015 redi-

1318 4057 1410 4106 gar
1437 4037 1501 4090 ad
1523 4057 1812 4091 numerum
1832 4038 2058 4090 duorum
2083 4038 2337 4108 filiorum,

1317 4134 1433 4183 quae
1459 4127 1534 4168 est
1560 4116 1709 4169 turba
1743 4116 1955 4168 Latonae
1973 4116 1998 4168 ?
2028 4116 2209 4183 Quam
2241 4137 2338 4185 pa-

1314 4214 1438 4247 rum
1462 4195 1572 4249 haec
1589 4195 1746 4249 distat
1771 4214 1798 4247 a
1821 4207 1989 4248 matre
2007 4196 2218 4265 spoliata
2231 4196 2334 4250 suis
2403 4215 2411 4223 ·

1314 4273 1430 4327 filiis
1458 4274 1469 4325 Ξ
1506 4275 1647 4343 Ergo
1665 4314 1680 4341 ,
1702 4294 1868 4344 quum
1887 4274 2088 4328 Latona
2103 4294 2334 4329 numero

1313 4354 1600 4411 liberorum
1634 4372 1842 4409 mecum
1879 4375 1932 4409 se
1958 4356 2198 4408 conferre
2226 4374 2336 4408 ne·-

1979 4444 2064 4506 28
