3217 5134
544 553 1602 627 METAMORPHOSEGN
1639 558 1838 629 LIB.
1889 563 2043 632 111.

2234 568 2357 654 241

226 732 271 807 ’‘.
306 696 381 772 Si
409 696 665 800 poteris
695 725 993 785 narrare,
1025 696 1201 772 licet.
1235 731 1272 765 >2
1303 699 1443 773 Nec
1475 699 1675 801 plura
1705 694 1992 791 minata,

222 817 367 892 Dat
400 843 635 918 sparso
671 815 877 918 capiti
910 813 1155 891 vivacis
1189 843 1440 890 cornua
1466 817 1642 891 cervi
1675 846 1693 907 ;

225 933 370 1007 Dat
404 930 695 1032 spatium
729 927 943 1018 collo;
974 957 1398 1033 summasque
1432 932 1805 1008 cacuminat
1840 962 2030 1010 aures
2057 964 2077 1025 3
2140 994 2146 999 .

112 1140 119 1145 ‚
229 1051 409 1126 Cum
440 1046 861 1150 pedidusque
892 1070 1165 1136 manus,
1204 1076 1357 1123 cum
1389 1046 1616 1146 longis
1650 1051 1921 1126 brachia
1951 1072 2167 1131 mutat

2280 963 2374 1033 195

233 1163 609 1252 Gmribus3
640 1180 710 1238 et
741 1162 913 1238 velat
942 1162 1285 1239 maculoso
1318 1163 1559 1241 vellere
1594 1195 1860 1269 corpus.

231 1280 530 1357 Additus
550 1276 638 1355 'et
664 1307 877 1381 pavor
909 1297 1013 1354 est
1043 1309 1061 1355 ε
1096 1280 1274 1376 fugit
1308 1281 1736 1358 Autonoeius
1769 1283 1970 1360 heros
2000 1315 2018 1375 ;

234 1400 327 1472 Et
361 1425 433 1471 se
468 1414 603 1472 tam
637 1395 917 1472 celerem
952 1425 1152 1471 cursu
1180 1397 1463 1472 miratur
1494 1398 1566 1471 in
1600 1399 1775 1499 ipso.

235 1515 337 1587 Ut
368 1540 527 1586 vero
564 1508 783 1586 solitis
816 1540 937 1587 sua
971 1541 1221 1587 cornua
1255 1511 1426 1586 vidit
1458 1513 1532 1587 in
1563 1514 1767 1589 undis
1788 1573 1808 1603 ‚

2283 1560 2383 1598 200

238 1631 357 1704 Me
391 1629 742 1704 miserum!
784 1629 1083 1703 dicturus
1113 1645 1255 1704 erat
1282 1657 1299 1702 ε
1327 1656 1458 1725 vox
1487 1628 1676 1705 nulla
1705 1650 1989 1732 sequuta
2016 1653 2135 1710 est.

240 1745 625 1841 Ingemuit;
659 1773 790 1819 vox
825 1743 939 1818 illa
973 1744 1146 1834 fuit;
1181 1744 1593 1847 lacrimaeque
1630 1774 1753 1848 per
1785 1776 1904 1822 ora

241 1865 403 1937 Non
433 1891 552 1937 sua
584 1861 918 1936 fluxerunt
945 1892 961 1935 z
988 1887 1176 1936 mens
1214 1878 1472 1936 tantum
1504 1863 1787 1963 pristina
1824 1867 2088 1939 mansit.

248 1980 438 2080 Quid
469 1979 716 2054 saciat?
748 1995 1090 2081 repetatne
1124 1978 1432 2066 domum,
1468 1995 1536 2052 et
1557 1977 1806 2073 regalia
1839 1983 2066 2055 tecta?

244 2160 577 2217 stesichorus
602 2158 821 2226 dixerat,
842 2158 1075 2211 Dianam
1099 2157 1147 2210 ei
1173 2160 1275 2212 ε’λᾶ-

247 2262 370 2311 fwae
372 2239 573 2316 epesssiur
577 2242 789 2314 oedt‘ppoe.
806 2236 1271 2307 Polygnotuseum

245 2329 298 2373 et
327 2327 560 2371 matrem
597 2317 835 2387 pinxerat
862 2334 1029 2369 εει-νε
1061 2313 1272 2367 hinnu-

248 2397 393 2451 lenm
437 2395 682 2449 manibus
725 2404 998 2460 tenentes,
1041 2391 1273 2462 pellique

249 2474 482 2528 cervino
514 2471 802 2526 insidentes
824 2511 840 2539 ,
882 2471 1120 2525 adstante
1141 2489 1285 2524 cane

250 2551 504 2606 venatico.
531 2552 754 2603 Pausan.
776 2550 826 2603 X
844 2588 858 2616 ,
886 2568 934 2618 p.
950 2550 1142 2619 872.—
1163 2549 1275 2603 Ac-
1296 2558 1305 2573 '

252 2631 438 2685 teonis
485 2626 818 2682 transmutati
863 2645 1016 2681 causa
1037 2667 1051 2689 ,
1100 2628 1277 2697 inquit

253 2707 523 2763 Diodorus
542 2746 558 2774 ,
599 2706 688 2760 lib.
714 2707 765 2756 V
780 2745 796 2772 ,
824 2704 1048 2758 traditur
1070 2724 1101 2758 a
1121 2724 1275 2758 non-

255 2787 411 2842 nullis
425 2826 443 2854 ,
485 2784 632 2856 quod
665 2784 853 2838 Diana
887 2787 1229 2840 concubitum
1255 2824 1272 2853 ,

255 2883 422 2935 quum
452 2872 740 2917 venaretur
771 2862 826 2914 in
850 2863 1119 2917 montibus
1138 2903 1153 2930 ,
1180 2859 1279 2915 ad-

258 2942 496 3013 petierit3
517 2938 796 3010 Euripides
815 2979 831 3006 ,
852 2939 992 3010 quod
1009 2960 1064 2993 se
1080 2939 1153 2994 illi
1170 2939 1278 2993 Ac-

258 3032 396 3077 teon
412 3019 703 3091 pretulerit
717 3017 947 3072 venandi
962 3027 1089 3071 arte.
1107 3017 1282 3086 Juno,

261 3098 400 3171 apud
452 3098 746 3152 Lucianum
763 3137 778 3164 ,
827 3095 1016 3150 Diana
1055 3097 1282 3166 scoptice

262 3178 541 3249 exprobrat
556 3176 975 3239 deformitatem,
961 3197 974 3210 ·
1000 3176 1164 3228 visam
1186 3175 1285 3229 sci-

260 3260 385 3313 licet
409 3257 476 3312 ab
504 3258 792 3325 Actaeoue,
824 3255 1047 3311 verim
1066 3274 1140 3309 ne
1164 3254 1285 3308 ado-

258 3336 493 3392 lucens
478 3335 637 3406 ipsius
655 3296 1039 3427 turpitudinem
1052 3373 1067 3402 ,
1091 3341 1282 3402 αῖσχος,

259 3415 568 3486 evulgaret,
592 3413 867 3468 immisisse
882 3411 956 3465 ini
968 3431 1138 3467 canes.
1153 3411 1288 3466 Dia-

256 3495 364 3566 log.
383 3493 618 3548 Junonis
638 3502 695 3546 et
716 3491 947 3545 Latona·
970 3492 1071 3545 Ed.

329 3573 446 3647 193.
468 3573 740 3638 Necplm
750 3574 964 3623 athala.
985 3569 1144 3623 Unus
1160 3570 1289 3623 Mo-

258 3652 369 3706 reti
377 3660 435 3704 et
450 3648 722 3703 Leidensis
736 3686 754 3716 ,
767 3654 966 3702 monta
978 3687 992 3710 ‚
1024 3647 1169 3717 quod
1184 3666 1289 3701 ve-

256 3737 489 3783 nustum
514 3726 739 3782 Heinsio
759 3724 985 3780 videtur.
998 3751 1066 3767 -·-·
1086 3727 1293 3780 Minuta

256 3806 436 3863 nostri
460 3804 616 3877 Regii
634 3805 846 3859 habent.
870 3830 939 3845 -
969 3806 1169 3869 Vtrae
1191 3805 1308 3858 fre·-

259 3904 439 3958 qnens
479 3902 762 3939 cervorum
808 3882 1084 3953 epitheton
1114 3924 1130 3951 ,
1169 3882 1293 3953 quia

258 3965 401 4019 olim
424 3962 780 4017 credebantur
802 3979 964 4030 quam
991 3961 1313 4032 longissime-

257 4046 463 4100 vivere.
489 4042 690 4098 Auson.
708 4060 722 4096 ε
739 4044 853 4095 Hos
867 4039 1162 4110 (homines)
1187 4062 1294 4096 no-

259 4128 375 4178 n‘es
394 4127 604 4190 ,τιμαί
624 4123 834 4174 ubendo
850 4123 1061 4188 gattula
1080 4124 1258 4172 cometa·
1271 4160 1286 4183 ,

1371 2178 1466 2213 vus
1490 2159 1637 2214 enim
1653 2160 1734 2213 vix
1751 2160 2211 2233 quadragesimum
2229 2168 2394 2223 etatis

1371 2255 1575 2290 annum
1611 2238 1834 2308 attingit.
1870 2265 1939 2278 -
1969 2240 2222 2307 spelman,
2261 2244 2392 2298 lon-

1370 2314 1682 2385 gitudinem.
1717 2340 1786 2356 ·--
1819 2316 2176 2383 cac-ammam,
2218 2332 2393 2377 acutas

1370 2389 1614 2458 reddere,
1641 2392 1865 2445 verbum
1883 2392 2079 2447 ovidio
2101 2398 2391 2466 proprium.

1444 2470 1551 2540 198.
1577 2472 1793 2524 Paeon}
1802 2471 2102 2543 symbolum
2121 2474 2260 2543 apud
2282 2475 2398 2530 Ve-

1371 2556 1509 2601 teres
1524 2558 1639 2603 erat
1653 2568 1851 2604 cervus.
1874 2551 2096 2606 Homer.
2124 2552 2183 2607 ll.
2199 2560 2258 2621 A,
2277 2560 2393 2610 225.

1370 2653 1439 2666 —
1458 2629 1647 2691 Heras,
1677 2629 1798 2698 quia
1821 2640 1993 2684 mater
2015 2631 2130 2698 ejus
2150 2651 2212 2685 ex
2239 2633 2394 2687 Har—

1371 2705 1554 2759 monia
1589 2705 1780 2760 Martis
1825 2717 1880 2762 et
1923 2707 2150 2762 Veneris
2186 2711 2361 2779 neptis
2378 2751 2395 2775 ,

1372 2790 1524 2853 pater
1547 2783 1806 2852 Apollinis
1829 2784 1982 2839 filins.
2019 2784 2099 2853 Is,
2126 2787 2216 2855 qui
2235 2786 2397 2840 modo

1372 2863 1523 2913 hem-r
1540 2861 1716 2915 suerat
1734 2900 1749 2928 ,
1784 2881 1927 2916 nnnc
1942 2863 2124 2931 fugin
2150 2863 2291 2934 quod
2317 2866 2397 2918 in-

1376 2937 1615 3007 dignum.
1642 2964 1711 2978 -
1738 2940 1814 2990 Et
1835 2959 1895 2992 sc
1918 2946 2025 2992 {am
2059 2946 2266 2995 celerem
2301 2954 2401 2997 etc.

1377 3015 1712 3069 Luxuriantis
1736 3016 1934 3085 ingenii
1958 3028 2051 3072 est.

1445 3112 1559 3148 noo.
1596 3096 1672 3147 U!
1690 3114 1807 3149 vero
1826 3098 1994 3148 solim·
2014 3106 2111 3153 etc.
2153 3099 2234 3153 lta
2256 3099 2403 3154 hunc

1379 3191 1589 3227 versum
1604 3192 1669 3227 ex
1684 3172 1928 3228 Leidensi
1943 3173 2107 3230 edidit
2133 3178 2401 3236 Heinsius.

1383 3253 1578 3308 Ceteri
1594 3293 1610 3321 ,
1636 3261 1698 3307 nt
1716 3272 1835 3309 vero
1855 3256 2027 3309 vultus
2042 3263 2097 3309 et
2112 3277 2315 3314 cornua.
2336 3287 2407 3303 ·-

1381 3331 1564 3386 Nostri
1606 3332 1760 3403 Regii
1799 3332 2062 3405 vulgatam
2098 3335 2311 3390 habent.
2336 3365 2404 3380 —

1381 3412 1570 3464 solitis.
1597 3409 1820 3465 Veteres
1842 3412 1988 3465 enim
2005 3414 2152 3482 aquis
2171 3432 2270 3483 pro
2291 3434 2403 3485 spe·

1383 3486 1503 3543 culo
1520 3487 1823 3542 utebantur.
1840 3487 1927 3542 Cf.
1942 3509 2076 3544 vers.
2100 3491 2213 3563 498.
2235 3490 2404 3544 Hein-

1383 3567 1487 3621 sius
1518 3566 1664 3620 hunc
1686 3585 1931 3634 versum,
1967 3578 2026 3622 ut
2058 3569 2312 3624 insulsum
2352 3582 2409 3624 et

1382 3643 1635 3716 frigidum
1667 3644 1787 3712 ejici
1808 3645 2031 3699 volebat.
2071 3646 2200 3700 Sine
2239 3667 2407 3703 causa.

1390 3723 1476 3779 Cf.
1499 3724 1687 3778 similia
1705 3764 1721 3793 ,
1749 3724 1775 3778 1
1795 3764 1811 3789 ,
1836 3725 1939 3793 640
1956 3745 2065 3797 sqq.
2088 3766 2103 3794 ,
2124 3726 2244 3799 647,
2273 3728 2368 3798 657
2390 3768 2406 3796 ‚

1389 3813 1444 3859 et
1463 3822 1588 3858 cum
1609 3823 1724 3875 sqq.
1747 3822 1995 3875 compara
2011 3846 2028 3874 ,
2063 3807 2153 3873 11,
2181 3809 2277 3875 485
2296 3826 2408 3877 sqq.

1387 3912 1456 3926 -
1470 3885 1619 3938 Bene
1636 3904 1736 3939 aon
1751 3904 1849 3939 sua
1863 3925 1879 3954 ,
1904 3903 2016 3938 non
2032 3887 2080 3938 ei
2106 3884 2228 3939 data
2251 3905 2281 3938 a
2301 3900 2411 3939 na·-

1390 3975 1525 4018 tura.
1560 3963 1720 4016 Trist.
1746 3965 1831 4019 111
1854 4004 1868 4032 ,
1894 3968 1927 4032 4
1945 4004 1960 4031 ,
2008 3963 2073 4019 de
2107 3963 2326 4019 Daedalo
2360 3975 2415 4019 et

1394 4044 1561 4108 Icaro,
1566 4062 1766 4111 pennas
1776 4047 1926 4099 ambo
1937 4063 2038 4098 non
2051 4048 2413 4099 habaet-emas.

1394 4120 1580 4191 virgil.
1606 4120 1802 4193 Georg.
1837 4123 1893 4177 11
1909 4162 1924 4187 ,
1951 4123 2015 4177 82
2053 4142 2067 4176 ι
2103 4122 2417 4195 Me‘mturbue

250 4205 344 4259 E!
374 4207 558 4272 quater
582 4202 834 4268 egreditur
867 4203 1089 4252 comicas·
1111 4202 1301 4252 secula
1391 4217 1551 4251 noras
1559 4198 1805 4267 frondes,
1842 4206 1896 4252 et
1913 4218 2015 4254 non
2034 4219 2132 4254 sua
2144 4219 2314 4270 poma.

258 4297 469 4340 cervus,
504 4294 623 4347 qun
636 4295 763 4330 vero
775 4273 1156 4329 recentioribus
1170 4283 1300 4327 tem·

1485 4281 1597 4344 204.
1651 4280 1933 4346 Repetalne
1970 4282 2184 4334 domum.
2233 4277 2419 4335 Codex

260 4356 493 4431 poribus
509 4365 719 4426 reperta
736 4365 862 4411 sunt
873 4353 1168 4423 salsissima,
1183 4370 1303 4411 cer-
1396 4353 1593 4425 Regius
1616 4355 1665 4409 B
1688 4355 1845 4413 habet
1875 4364 2129 4425 repetatne
2161 4361 2338 4412 domos
2370 4362 2426 4417 et

510 4447 667 4517 III.

2072 4449 2150 4514 16
