3217 5134
760 513 849 598 34
1640 504 2005 579 sssnlsss

755 655 945 753 Argo
970 649 1410 729 custodienda
1444 668 1622 725 esset
1659 649 1933 739 tradita,
1968 648 2151 723 hunc
2179 648 2535 725 Mercun'us
2561 710 2578 736 ,
2635 671 2899 728 narrata

751 776 940 879 prius
975 774 1299 877 Nympha!
1330 772 1611 881 &tingis
1642 773 1713 847 in
1747 772 2106 848 arundinem
2142 774 2760 864 transformatione,
2792 804 2902 849 oc-

753 899 947 987 cidit,
971 899 1244 999 ejusque
1265 896 1503 972 deinde
1526 896 1697 970 oculi
1714 924 1752 970 a
1772 898 1817 969 J
1819 923 2043 971 unone
2070 895 2140 968 in
2148 923 2449 997 pavonem
2472 896 2697 971 collati
2721 915 2897 971 sunt.

753 1026 928 1100 Tum
963 1025 1084 1110 Io,
1114 1024 1381 1125 pristina
1404 1022 1704 1097 mulieris
1711 1021 1934 1124 jonna
1962 1039 2229 1123 recepta
2247 1078 2266 1110 ,
2298 1021 2644 1124 quvlmm
2669 1023 2862 1124 parit.

853 1185 1008 1258 LIB.
1048 1184 1137 1256 II.
1173 1181 1312 1279 Qui
1340 1210 1547 1283 quum
1576 1178 1937 1281 aliquando
1963 1178 2350 1254 Phaethonti
2364 1180 2754 1281 Apollinem
2776 1238 2794 1269 ,
2823 1200 2900 1256 ut

759 1305 1003 1382 falsum
1032 1323 1324 1407 patrem,
1373 1304 1728 1404 objecisset
1750 1359 1771 1391 ,
1826 1302 1944 1377 ille.
1984 1332 2216 1378 currus
2264 1302 2502 1378 solaris
2547 1305 2898 1405 imperium

761 1429 846 1504 ad
869 1428 1044 1504 diem
1071 1455 1280 1501 unum
1306 1455 1344 1501 a
1365 1443 1584 1529 patre,
1615 1426 1681 1499 in
1709 1426 1958 1527 pignus
1989 1454 2155 1501 verae
2180 1427 2448 1527 stirpis»,
2486 1428 2702 1527 petiit.
2736 1429 2896 1526 Quo

760 1552 1155 1652 impetrato,
1194 1566 1368 1624 terra
1409 1547 1495 1623 ab
1550 1576 1631 1623 eo
1688 1565 1830 1622 tota
1874 1548 2288 1636 accenditur,
2338 1567 2405 1624 et
2448 1550 2623 1624 inter
2672 1569 2900 1626 caetera

758 1676 1099 1775 migr-escunt
1143 1670 1515 1773 AEthiopes.
1569 1671 2064 1747 Phaethontem
2116 1672 2354 1748 deinde
2412 1673 2689 1749 fulmine
2746 1703 2900 1775 per-

759 1825 1025 1873 cussum
1060 1795 1221 1870 dum
1251 1793 1488 1890 lugent
1512 1821 1783 1881 sorores,
1842 1813 1911 1868 et
1935 1824 2072 1869 una
2098 1813 2427 1892 cognatus
2463 1795 2738 1904 Cycnus,
2774 1796 2900 1872 illae

758 1923 830 1997 in
861 1922 1137 2009 adores,
1171 1921 1281 1996 hic
1308 1922 1383 1995 in
1413 1949 1662 2029 qytnum
1689 1938 2004 1996 mutatur.
2038 1922 2216 1996 Hinc
2242 1922 2540 2022 Jupiter,
2575 1921 2858 1998 lustrato
2877 1981 2897 2012 ,

761 2064 839 2121 ut
873 2075 1025 2121 eum
1045 2045 1334 2147 pristino
1367 2045 1585 2140 vigori
1606 2045 2018 2134 restitueret,
2059 2064 2381 2121 terrarum
2419 2045 2616 2136 orbe,
2643 2047 2714 2120 in
2749 2045 2906 2122 Cal-

754 2171 1033 2245 listonem
1070 2168 1307 2243 incidit
1331 2224 1350 2257 ,
1404 2197 1680 2270 eamque
1700 2223 1721 2258 ,
1759 2186 1978 2243 sumta
2005 2169 2238 2244 Dianae
2270 2168 2513 2258 forma,
2547 2171 2895 2272 stupravit.

756 2294 870 2368 Ob
905 2292 976 2366 id
1009 2293 1176 2367 irata
1204 2295 1387 2367 Juno
1432 2290 1870 2367 Callistonem
1909 2293 1980 2366 in
2028 2321 2232 2367 ursam
2279 2294 2649 2384 convertit,
2700 2324 2898 2396 quam

757 2437 999 2521 postea
1039 2420 1257 2495 Arcas
1299 2416 1480 2493 filius
1525 2418 1964 2494 transfixurus
1993 2437 2167 2508 erat,
2200 2419 2721 2523 nisi'utrumque
2773 2422 2818 2493 J
2822 2451 2900 2495 u-

757 2542 935 2644 piter
954 2542 1129 2616 inter
1150 2540 1355 2616 sidera
1372 2540 1731 2617 retulisset.
1761 2544 1919 2641 Qua
1940 2541 2022 2617 de
2038 2571 2109 2618 re
2132 2573 2340 2645 quum
2356 2544 2534 2645 apud
2558 2545 2901 2620 Oceanum

756 2682 1119 2769 conquesta
1152 2681 1326 2739 esset
1350 2667 1571 2754 Juno,
1606 2666 1679 2739 in
1717 2663 1947 2742 caelum
1979 2664 2186 2741 relata
2226 2683 2330 2742 cst
2370 2667 2667 2742 humeris
2702 2694 2902 2768 pavo·

752 2818 897 2865 num
924 2849 951 2877 ‚
993 2789 1109 2892 qui
1144 2817 1364 2891 nuper
1390 2789 1697 2892 vankgati
1720 2789 2017 2880 fuerant3
2047 2791 2222 2865 sicut
2247 2809 2315 2866 et
2343 2818 2553 2867 corvus
2575 2820 2795 2892 nuper
2821 2820 2900 2866 ex

755 2914 901 2988 ‘albo
930 2913 1102 3013 miger
1124 2930 1266 2987 erat
1283 2910 1605 3001 redditus,
1631 2924 1838 3014 quum
1869 2911 2145 2988 Cornicis
2164 2915 2460 3002 monitis»,
2478 2943 2624 3016 quae
2640 2914 2740 2989 illi
2759 2931 2903 2988 tum

757 3064 946 3111 suam
972 3035 1045 3109 in
1071 3035 1431 3124 cornicem,
1462 3053 1605 3109 tum
1645 3036 2029 3142 Nyctimenes
2058 3037 2130 3110 in
2160 3053 2440 3112 noctuam
2464 3038 2901 3112 mutationem

758 3158 1119 3261 explicarat
1136 3213 1155 3247 ,
1191 3187 1334 3232 non
1369 3158 1897 3259 obtemperasset
1921 3216 1939 3247 ,
1994 3187 2223 3234 verum
2275 3157 2601 3234 Coronidis
2641 3159 2900 3236 adulte-

757 3283 935 3359 rium
959 3281 1045 3357 ad
1064 3278 1455 3383 Apollinem
1484 3279 1850 3356 detulisset.
1871 3283 2041 3381 Ejus
2058 3277 2295 3357 deinde
2315 3281 2457 3357 filio
2482 3281 2896 3384 AEsculapio,

755 3436 791 3483 e
818 3405 1157 3482 Coronide
1180 3420 1469 3493 exsecto,
1495 3405 1648 3479 etin
1666 3405 1983 3480 Chironis
2011 3422 2275 3481 antrum
2296 3405 2539 3495 delato,
2561 3405 2897 3514 Ocynhoe,

758 3530 1076 3605 Chironis
1105 3527 1243 3603 filia
1268 3527 1581 3617 fatidica,
1617 3527 1777 3601 dum
1802 3527 2027 3603 futura
2054 3529 2388 3630 praedicit,
2414 3531 2487 3603 in
2509 3558 2725 3632 equam
2753 3557 2900 3604 ver-

754 3652 939 3727 titur.
969 3655 1147 3727 Tum
1175 3650 1463 3741 Chiron,
1493 3669 1716 3752 pater,
1744 3652 2069 3769 Apollinis
2095 3652 2412 3727 auxilium
2437 3652 2727 3729 frustra
2708 3681 2904 3726 mvo-

756 3777 965 3865 cavit,
1004 3776 1189 3877 quod
1224 3773 1394 3849 ille
1374 3802 1508 3874 jam
1538 3774 1615 3847 in
1647 3773 1842 3849 Elide
1877 3795 2111 3877 pastor
2144 3777 2359 3851 factus
2399 3775 2581 3851 aliud
2633 3794 2902 3873 ageret,

748 3899 1070 3998 neglectis
1102 3897 1302 3973 etiam
1330 3897 1582 3973 bubus.
1634 3897 1716 3971 ld
1745 3900 1934 3999 quod
1966 3901 2304 3975 Mercurio
2339 3900 2605 3974 furandi
2642 3928 2752 3974 eas
2781 3928 2904 3974 oc-

756 4024 1091 4099 casionem
1138 4022 1362 4111 dedit,
1417 4022 1535 4124 qui
1570 4022 1810 4097 deinde
1845 4022 2111 4096 Battum
2147 4023 2238 4098 ob
2276 4023 2529 4098 furtum
2561 4023 2907 4126 proditum

758 4145 832 4219 in
856 4146 1112 4221 abdicem
1134 4145 1427 4247 lapidem
1452 4145 1754 4220 mutavit.
1794 4146 1959 4221 Inde
1988 4146 2257 4222 avolans
2282 4147 2549 4235 Hersen,
2585 4146 2906 4247 Cecropis

750 4268 955 4347 filiam
981 4326 1000 4361 ,
1032 4286 1330 4371 spectat,
1364 4297 1572 4370 eaque
1600 4269 1881 4370 potitur.
1919 4270 2052 4345 Cui
2084 4271 2245 4346 dum
2289 4271 2548 4348 invidet
2580 4271 2908 4373 Aglaum
