3217 5134
685 712 2322 895 LEcToR1BENEvoLo

1380 956 1440 1023 S.
1474 969 1537 1024 P.
1568 969 1640 1024 D.

558 1164 1214 1254 NICOLAUS
1281 1166 1818 1255 ulmus
1896 1132 2499 1264 LEMAIRE.

456 1721 602 1826 Ex
632 1778 712 1827 eo
752 1749 939 1852 quod
968 1751 1285 1827 NASONIS
1316 1751 1597 1827 Carmen
1629 1752 1761 1827 hoc
1803 1751 1882 1827 de
1913 1780 2117 1829 ret-mn·
2154 1753 2227 1829 T
2221 1755 2583 1854 ranfivrma·

454 1885 710 1960 ubm‘bus
738 1944 759 1973 ,
824 1915 963 1960 non
1011 1886 1244 1961 eodem
1288 1887 1687 1989 inscriptum
1731 1888 2000 1964 nomine
2051 1888 2177 1963 tibi
2223 1888 2579 1978 obveniat,

458 2047 592 2119 quo
619 2019 847 2120 priora
877 2018 1011 2094 duo
1032 2017 1397 2107 volumina,
1423 2046 1508 2094 ue
1534 2019 1890 2095 credideris
1911 2076 1930 2109 ‚
1960 2022 2241 2095 LEOEOR
2269 2040 2539 2095 OPTIHE
2563 2077 2583 2110 ,

454 2148 862 2245 transfugam
893 2179 933 2225 a
967 2149 1167 2224 nobis
1202 2148 1515 2224 defecisse
1566 2150 1782 2223 virum
1831 2147 2094 2223 consilii
2131 2150 2345 2224 nostri
2378 2152 2586 2252 parti-

459 2282 672 2384 cipem
690 2339 709 2371 ,
735 2284 1112 2360 studiorum
1138 2283 1582 2374 hortatorem,
1607 2282 2186 2385 emulatoremque
2215 2283 2587 2380 diligentis-

454 2416 697 2492 simum
721 2419 787 2491 J.
817 2417 900 2492 A.
930 2417 1153 2494 Ama
1172 2473 1192 2508 ,
1224 2417 1377 2520 qui,
1414 2417 1472 2492 si
1493 2417 1768 2519 quando
1785 2446 1825 2492 a
1845 2415 2077 2492 labore
2101 2416 2393 2518 incoepto
2422 2416 2588 2492 desi-

456 2566 625 2624 stere
652 2549 739 2623 ad
768 2567 1032 2651 tempus
1054 2567 1332 2651 propter
1351 2547 1794 2625 valetudinem
1820 2567 2130 2646 cogatur,
2161 2577 2288 2624 nos
2318 2576 2588 2651 quoque

456 2701 647 2780 cogat
662 2712 865 2785 opera
882 2684 1256 2786 interrupta
1275 2701 1343 2759 et
1365 2684 1726 2785 pendentia
1740 2683 2133 2786 relinquere.
2162 2683 2368 2782 Quod
2391 2713 2589 2758 omen

456 2816 571 2890 Dii
598 2833 893 2891 avertant
910 2872 929 2905 ‚
959 2845 1245 2918 quorum
1278 2815 1593 2918 auspiciis
1628 2815 1942 2891 inchoata
1968 2845 2075 2893 res
2098 2835 2327 2893 nostra
2348 2872 2368 2907 ,
2409 2834 2480 2893 et
2503 2815 2588 2891 ad

454 2947 635 3022 hunc
664 2945 837 3021 diem
857 2946 1137 3037 feliciter
1155 2949 1322 3024 adeo
1352 2968 1666 3050 provecta
1685 3005 1705 3040 ,
1740 2967 1846 3024 tot
1863 2949 1998 3025 fere
2019 2948 2152 3024 sibi
2181 2947 2551 3024 laudatores
2564 3007 2583 3037 ,

456 3096 627 3181 quot
647 3079 826 3153 viros
838 3079 1305 3155 Universitatis
1321 3078 1589 3157 Gallicae
1609 3078 1850 3155 studiis
1871 3079 2160 3155 faventes
2188 3077 2584 3176 gratulatum

444 3229 657 3313 atque
677 3210 762 3285 iis
786 3198 952 3312 ipsis
949 3211 1227 3312 ftuhur,
1267 3210 1373 3287 vel
1389 3211 1591 3299 irath,
1629 3213 1746 3314 qui
1769 3241 1892 3287 nec
1909 3212 2300 3286 movendam
2319 3210 2587 3312 quidem

454 3340 656 3415 nobis
689 3342 857 3417 tanti
888 3341 1140 3419 laboris
1175 3342 1417 3418 molem
1437 3400 1457 3433 ‚
1496 3344 1863 3419 Dictatoria
1893 3342 2316 3434 auctoritate,
2354 3371 2440 3418 ne
2488 3342 2588 3416 di·-

456 3502 716 3564 camus,
750 3475 1103 3551 subinvida
1134 3495 1354 3553 mente
1376 3533 1396 3568 ,
1441 3478 2077 3579 pronuntiaverant!

558 3608 777 3708 Hujus
821 3609 1029 3705 igitur
1072 3608 1329 3705 laudis,
1381 3641 1527 3713 quae
1573 3640 1760 3713 spem
1803 3628 2190 3713 conceptam
2230 3610 2471 3685 mirum
2514 3611 2587 3684 in

456 3738 730 3821 modum
762 3742 1209 3842 exsuperavit,
1247 3759 1499 3844 partem
1531 3739 1887 3839 legitimam
1919 3742 2159 3817 referre
2199 3758 2265 3816 et
2299 3742 2484 3840 juvat
2524 3758 2590 3816 et

458 3869 647 3945 decet
680 3871 1014 3947 Ovidiano
1052 3871 1400 3976 interpreti
1420 3929 1440 3964 ,
1487 3873 1647 3975 qui,
1691 3891 2052 3975 postquam
2091 3872 2162 3945 in
2199 3870 2591 3947 Praefatione

458 4002 659 4104 primi
700 4001 1056 4081 voluminis
1100 4021 1232 4079 tam
1284 4004 1446 4081 scite
1481 4033 1681 4107 quam
1727 4002 2056 4102 eleganter
2097 4003 2372 4078 modum
2418 4031 2589 4104 prae-

457 4131 606 4208 vius
639 4135 1000 4236 aperuerit,
1056 4165 1193 4239 quo
1230 4136 1601 4232 corrigendi
1652 4153 1899 4213 veteres
1941 4163 2019 4209 ac
2068 4133 2590 4237 interpretandi,

465 4261 559 4339 sic
586 4263 1057 4368 interpretatus
1081 4286 1183 4343 est
1198 4325 1217 4359 ‚
1246 4285 1325 4344 ut
1350 4269 1589 4371 reipsa
1608 4269 1927 4363 vinceret,
1955 4297 2156 4371 quem
2171 4268 2308 4371 jam
2326 4264 2590 4369 eloquio
2617 4292 2626 4299 ·
