3217 5134
611 544 1690 616 METAMORPHOSEON
1745 547 1947 616 LIB.
2008 549 2119 617 11.
2302 548 2421 617 153

285 683 420 761 Sed
455 682 594 760 leve
625 685 895 786 pondus
933 703 1103 772 erat3
1140 714 1262 760 nec
1299 686 1480 788 quod
1516 714 1915 783 cognoscere
1947 705 2225 789 possent

287 800 473 876 Solis
511 800 704 902 equi;
736 800 1062 902 solitaque
1090 802 1324 902 jugum
1357 803 1672 900 gravitate
1707 804 1991 878 carebat.

291 920 522 1019 thue
553 916 782 991 labant
817 947 1027 991 curvae
1057 920 1238 1017 justo
1275 919 1416 992 sine
1451 920 1747 1020 pondere
1778 949 2012 1008 naves,

293 1034 561 1133 Perque
593 1059 770 1106 mare
806 1031 1150 1107 instabiles
1181 1032 1384 1108 nimia
1413 1033 1675 1108 levitate
1709 1034 2055 1124 seruntur3

294 1148 408 1223 Sic
447 1176 647 1222 onere
684 1148 947 1222 insueto
981 1177 1225 1223 vacuos
1253 1149 1369 1222 dat
1401 1149 1470 1222 in
1499 1179 1647 1225 aera
1677 1148 1886 1224 saltus
1906 1206 1926 1239 ,
2338 1172 2430 1227 165

297 1266 818 1367 succutiturque
847 1263 1014 1353 alte,
1051 1264 1416 1366 similisque
1453 1282 1555 1340 est
1591 1293 1824 1339 currus
1857 1265 2059 1339 inani.

299 1380 511 1479 Quod
545 1379 745 1454 simul
776 1408 849 1454 ac
880 1408 1138 1454 sensere
1158 1435 1177 1468 ‚
1214 1397 1454 1469 ruunt,
1493 1380 1852 1482 tritumque
1882 1379 2270 1483 relinquunt

300 1504 702 1605 Quadrijugi
737 1504 1053 1605 spatium,
1090 1532 1250 1592 nec,
1288 1533 1426 1605 quo
1458 1505 1685 1606 prius,
1720 1506 1950 1582 ordine
1985 1524 2280 1581 currunt.

298 1617 716 1729 Ipse'pavet3
752 1653 872 1700 nec
905 1655 1038 1727 qua
1068 1627 1452 1702 commissas
1486 1627 1707 1702 flectat
1736 1628 2057 1716 habenas,

311 1752 451 1824 Nec
485 1749 612 1823 scit
644 1777 773 1850 qua
809 1748 898 1823 sit
928 1747 1085 1838 iter;
1121 1778 1275 1838 nec,
1313 1749 1371 1823 si
1405 1748 1598 1838 sciat,
1631 1750 1910 1851 imperet
1940 1749 2093 1824 illis.
2333 1787 2427 1844 170

297 1970 496 2041 acbing.
521 1969 576 2023 in
601 1972 958 2037 Vorbeme’lun5
971 1989 1067 2022 ur
1086 1971 1318 2037 θεομα-

288 2051 438 2118 pkie,
466 2069 515 2119 p.
535 2049 624 2114 58,
642 2067 696 2101 n.
717 2068 746 2100 a
768 2047 1068 2116 :multoque
1097 2045 1318 2100 celerior

300 2148 362 2181 ex
387 2128 590 2180 ratione
606 2125 933 2196 adspectabili
953 2164 968 2191 ‚
996 2135 1049 2178 et
1070 2125 1318 2194 opinione

298 2208 565 2260 Veterum
583 2224 761 2259 cursus
773 2205 906 2258 solis.
933 2204 1116 2273 Itaque
1131 2214 1186 2257 et
1198 2204 1321 2257 Ho-

300 2303 437 2338 mer.
467 2284 518 2338 h.
562 2284 757 2349 solem,
793 2304 841 2353 p.
893 2281 986 2335 106
1002 2320 1018 2349 ‚
1055 2281 1183 2336 Ern.
1223 2279 1318 2335 hos

302 2383 468 2433 equos
510 2362 783 2417 celeriores
828 2362 949 2416 facit
995 2360 1165 2415 ventis
1187 2400 1203 2428 ,
1255 2380 1318 2414 ex

301 2440 674 2495 emendatione
710 2439 923 2509 quidem
964 2438 1111 2492 Valk.
1159 2457 1317 2509 quem

303 2519 423 2573 vide
438 2518 489 2573 d.
504 2517 534 2572 l.
546 2520 768 2579 —Pars‚
784 2518 930 2587 regio
944 2516 1072 2583 caeli,
1091 2527 1152 2570 ut
1166 2536 1316 2587 πρε.

375 2596 483 2649 161.
515 2596 620 2648 sed
630 2598 736 2647 lere
750 2597 953 2661 pondus
980 2604 1075 2648 etc.
1115 2594 1319 2649 Levitas

298 2675 534 2744 corporis
545 2675 786 2745 princeps
799 2674 1118 2728 confusionis
1134 2695 1316 2740 causa3

301 2754 429 2809 binc
460 2753 739 2808 commode
770 2774 888 2808 eam
913 2774 1036 2808 mox
1063 2756 1320 2809 similitu-

302 2832 430 2886 dine
450 2852 563 2886 non
586 2832 721 2886 male
750 2832 949 2887 delecta
966 2834 1203 2889 illustrat.
1219 2834 1321 2887 Lu-

301 2912 436 2965 cian.
458 2910 508 2965 d.
530 2912 562 2964 l.
587 2930 600 2964 t
622 2917 688 2966 Οἱ
701 2917 828 2965 ἷκε-οι
843 2915 903 2971 ὡς
914 2918 1100 2988 ᾔσθοντο
1119 2917 1194 2969 οὐκ
1215 2919 1321 2968 ὄντα

304 2992 388 3059 ipe*
425 2994 502 3044 τὶν
540 2992 827 3051 intereundi-oe
850 3028 866 3056 ,
909 2996 1323 3067 καταρρονῆσοεντις

303 3078 387 3123 τοῦ
400 3076 637 3144 μειρακίου
658 3069 941 3144 ἷξετισάκοντο
970 3081 1053 3128 τῖς
1090 3072 1205 3123 ὁδοῦ.
1235 3067 1319 3124 Cf.

304 3164 430 3199 cum
452 3146 601 3198 omni
636 3144 686 3199 b.
712 3145 746 3198 l.
784 3145 969 3199 Senec.
995 3145 1156 3215 Hipp.
1194 3146 1319 3200 1065

305 3243 416 3293 sqq.
434 3225 852 3290 -Cognoscerc‚
878 3222 961 3277 vel
987 3222 1182 3277 sentire
1199 3264 1213 3286 ,
1239 3223 1322 3277 vel

307 3320 606 3373 agnoscere.
632 3300 819 3355 Senec.
844 3300 895 3355 d.
924 3300 955 3356 l.
978 3321 992 3356 z
1021 3304 1204 3356 Currus
1223 3322 1323 3356 non

304 3399 451 3433 suun
481 3396 763 3447 agnoscens
780 3398 920 3432 onus.
939 3405 1006 3420 —-
1024 3381 1210 3447 Iugum
1222 3419 1235 3438 ,
1262 3389 1324 3433 ut

306 3477 436 3511 vera.
484 3475 579 3528 ¹⁰9
594 3498 608 3518 ‚
646 3459 802 3509 solita
822 3462 1070 3524 modale
1104 3460 1323 3510 carebat.

305 3534 513 3604 Nempe
527 3533 664 3599 Diis,
674 3532 859 3603 quibus
874 3551 1063 3604 magna
1082 3535 1322 3587 membra

304 3611 493 3680 passim
523 3610 845 3676 tribuuntur,
872 3610 1029 3663 etiam
1056 3610 1325 3680 pondero-

305 3709 427 3744 sum
436 3707 626 3758 corpus
638 3708 744 3743 esse
757 3688 991 3743 debebat.
1009 3690 1325 3757 Hincgmee‘s

305 3786 483 3819 cums
508 3765 656 3819 Jovis
679 3766 864 3819 Horat.
892 3765 949 3832 1,
979 3765 1084 3821 od.
1108 3782 1216 3831 χιι,
1245 3767 1323 3820 58.

314 3846 585 3901 Caeterum
615 3846 860 3900 eamdem
888 3847 1208 3902 sententiam
1244 3857 1325 3900 ter

313 3923 443 3977 dixit
466 3924 759 3994 loquaciter.

383 4002 492 4056 163.
529 4005 745 4056 Labant.
779 4005 979 4056 Labore
992 4043 1005 4064 ,
1046 4013 1230 4056 nutare
1267 4001 1324 4054 in

309 4090 593 4149 utramque
633 4085 854 4151 pa’rtem.
893 4108 961 4121 —
985 4083 1191 4134 Pondus
1209 4121 1221 4142 ‚
1273 4079 1326 4133 id

307 4159 452 4227 quod
471 4161 589 4212 navi
613 4160 920 4229 imponitur.
933 4185 1002 4198 —
1018 4160 1291 4210 Instabiles
1308 4196 1323 4224 ,

306 4256 429 4307 quae
446 4257 556 4292 non
580 4249 785 4291 certum
804 4248 859 4291 et
878 4237 1094 4289 firmum
1113 4255 1325 4290 cursum

309 4315 627 4384 tenengbuc
638 4316 821 4370 illucve
832 4318 1094 4386 jactantur
1105 4332 1135 4368 a
1144 4316 1327 4369 ventis.

1412 1970 1589 2024 Etiam
1601 1970 1748 2040 Virg.
1763 1969 1955 2040 Georg.
1974 1970 2074 2036 IV,
2098 1974 2212 2042 195:
2232 1971 2428 2041 Cymba-

1411 2049 1677 2100 iaeslabiles
1706 2050 1872 2115 stuclu
1896 2047 2137 2113 jactante
2171 2052 2428 2100 saburram

1423 2125 1640 2176 Tollunt.
1654 2126 1939 2176 -Fern‘et
1962 2133 2194 2199 ftpeeooec,
2217 2125 2425 2194 proprie

1414 2199 1480 2253 de
1507 2219 1656 2253 nave.

1485 2281 1592 2334 165.
1628 2281 1714 2333 Sic·
1741 2299 1887 2333 onere
1907 2279 2103 2333 insudo
2127 2298 2320 2333 vacuos
2339 2281 2435 2333 dat

1411 2361 1467 2410 in
1509 2376 1630 2411 aera
1672 2361 1851 2411 saltus.
1894 2357 2131 2427 Quidam
2167 2367 2220 2411 et
2257 2356 2427 2412 codd.

1415 2438 1580 2491 nostri
1614 2437 1809 2492 habent
1829 2454 1979 2502 σει-ες
2022 2449 2252 2493 attamen
2278 2458 2430 2493 non-

1415 2517 1543 2571 nulli
1589 2537 1652 2571 ex
1696 2517 1999 2572 melioribus
2042 2537 2179 2571 aera.
2217 2516 2431 2572 Deinde

1414 2614 1560 2648 onere
1571 2602 1776 2649 σπειρία
1789 2595 1982 2649 Floren
1988 2607 2021 2651 t.
2036 2596 2216 2650 Sancti
2238 2595 2433 2662 Marci,

1414 2679 1615 2748 primus
1641 2677 1955 2746 Vaticanus,
1993 2676 2293 2746 Cantabrig.
2331 2697 2427 2731 se-

1416 2754 1620 2809 cundus
1651 2755 1917 2810 Palatinus
1943 2794 1959 2822 ,
1996 2755 2186 2809 Urbin.
2223 2765 2278 2807 et
2322 2754 2432 2807 duo

1419 2843 1636 2888 aut-tres
1662 2832 1746 2885 alii
1776 2852 1790 2885 :
1825 2833 1993 2886 nostri
2022 2843 2198 2886 autem
2230 2829 2436 2885 codices

1417 2910 1615 2966 babent
1651 2918 1883 2977 ἱππείας
1931 2922 1990 2965 et
2027 2909 2241 2988 quidem
2288 2929 2434 2963 onem

1415 2993 1611 3043 insueto
1641 2995 1800 3043 vacui
1816 2992 1980 3042 sallus
2001 2987 2267 3059 eleganter
2281 2987 2431 3040 -dici—

1421 3078 1522 3122 tur.
1540 3067 1764 3122 Heinsio
1775 3086 1885 3121 non
1895 3065 2187 3136 displiceret
2196 3068 2281 3120 Sic·
2288 3084 2436 3119 onem

1418 3153 1620 3200 assueto
1645 3164 1839 3199 vacuus
1864 3142 2110 3216 (currus)
2133 3147 2228 3197 dat
2245 3149 2298 3196 in
2319 3162 2435 3197 aere

1417 3228 1582 3278 saltus
1595 3241 1614 3288 ‚⁸
1642 3242 1740 3276 noa
1763 3234 1939 3278 autem
1963 3222 2261 3277 censuimus
2278 3239 2433 3292 repo·

1418 3300 1661 3355 nendum
1682 3306 1877 3354 insueto
1897 3319 2086 3354 vacuos
2103 3305 2157 3352 in
2177 3319 2313 3353 aera.
2334 3297 2433 3351 Ed.

1418 3406 1487 3460 1-
1517 3382 1720 3433 Vacuos
1742 3381 1838 3432 dat
1855 3388 1952 3432 etc.
1981 3377 2201 3431 Facilius
2221 3377 2431 3442 suisset,

1420 3476 1593 3511 currus
1609 3475 1772 3510 onere
1791 3455 2006 3510 adsueto
2029 3473 2219 3507 vacuus
2234 3452 2324 3506 dat
2337 3452 2439 3505 sal-

1422 3547 1572 3600 tum;
1618 3536 1709 3589 sed
1740 3537 1902 3606 magis
1926 3535 2190 3605 poeticum
2213 3572 2228 3599 ,
2272 3536 2438 3586 saltus

1420 3633 1567 3667 onere
1590 3631 1796 3666 vacuos.
1824 3611 1906 3666 Cs.
1936 3613 2157 3665 Homer.
2188 3610 2238 3665 h.
2266 3610 2437 3680 Apoll.

1420 3709 1553 3744 vers.
1578 3692 1687 3757 234.

1492 3768 1598 3836 167.
1632 3769 1818 3820 Ruunt.
1845 3764 2081 3835 Euripid.
2110 3770 2164 3819 αἱ
2194 3763 2237 3819 δ”
2261 3763 2440 3819 ’ἅπαντ’

1423 3846 1491 3899 ἔπ’
1518 3851 1689 3924 αὶθὲρος
1713 3852 1903 3916 πτύχας.
1944 3846 2145 3899 [bidem
2173 3856 2323 3916 pater
2344 3845 2437 3898 ali-

1423 3925 1657 3993 quandiu
1671 3924 1908 3995 sequitur
1924 3943 2160 3989 currum,
2176 3923 2437 3977 inclamat-

1425 4023 1525 4074 que
1559 4004 1705 4070 filioj
1730 4004 1864 4059 δαῖέ
1890 4010 1983 4058 ἶλαι·
2017 4017 2074 4081 τῇ
2097 4008 2157 4081 ῥα
2185 4013 2281 4057 etc.

1495 4082 1600 4136 168.
1644 4084 1868 4135 Currant.
1893 4080 2070 4134 Verba
2089 4100 2226 4135 nec...
2241 4090 2448 4136 currunt

1425 4159 1586 4213 otiose
1607 4158 1794 4212 addita.
1824 4158 1981 4228 Apud
2006 4159 2189 4213 Manil.
2220 4159 2278 4227 I,
2305 4162 2400 4231 74²
2423 4199 2438 4227 ,

1425 4236 1702 4290 Phaethon
1717 4276 1733 4302 ‚
1762 4247 1818 4289 ut
1835 4237 2003 4302 major
2017 4246 2234 4305 parente
2250 4235 2437 4289 videa-

1426 4325 1531 4382 tur,
1542 4325 1729 4386 sponte
1739 4315 1990 4385 relinquit
2001 4314 2444 4369 monstrata-nias.
