3217 5134
819 547 909 613 68

1211 597 1218 604 .
1327 543 1450 609 .P.
1517 490 1878 612 ovl'nn
1916 500 2452 613 'NASONIS'

821 682 1182 762 Incaluisse
1214 680 1468 770 serunt,
1507 680 1925 783 calidumque
1951 682 2273 759 animasse
2304 711 2605 758 cruorem
2637 708 2655 774 ;

822 805 942 892 Et,
979 829 1063 875 ne
1096 797 1279 874 nulla
1310 826 1442 873 suae
1480 798 1708 900 stirpis
1741 817 2170 873 monumenta
2202 817 2542 873 manerent
2561 856 2582 890 ‚

817 923 900 994 In
934 917 1166 994 faciem
1202 914 1476 989 vertisse
1506 914 1863 988 hominum
1886 943 1902 988 ε
1927 914 2042 990 sed
2075 932 2144 989 et
2176 914 2291 990 illa
2318 944 2619 1019 propago

2854 938 2948 991 16·

822 1031 1238 1110 Contemtrix
1272 1031 1646 1131 Superum',
1684 1057 1995 1131 saevaeque
2024 1029 2396 1106 avidissima
2421 1033 2615 1108 caedis
2633 1087 2655 1124 ‚

818 1153 912 1230 Et
943 1147 1231 1223 violenta
1259 1145 1433 1220 fuit:
1465 1137 1671 1221 scires·
1702 1173 1739 1219 e
1772 1145 2092 1242 sanguine
2125 1163 2340 1220 natos·

915 1275 1034 1348 IV.
1088 1273 1259 1370 Quae
1290 1286 1480 1369 pater
1511 1285 1591 1343 ut
1623 1297 1877 1343 summa
1907 1267 2076 1342 vidit
2109 1269 2460 1344 Saturnius
2493 1299 2637 1347 arce
2657 1329 2677 1361 ‚

813 1499 936 1537 rum
960 1478 1223 1550 originem
1235 1475 1462 1531 declarat
1475 1484 1674 1528 certam
1688 1494 1701 1537 ς
1717 1492 1832 1527 ma-

810 1569 933 1614 trem
946 1568 1129 1611 eontra
1142 1563 1259 1609 e'am
1273 1552 1487 1606 dubiam
1502 1551 1832 1620 relinquit.—

816 1640 950 1693 Hoc
964 1636 1149 1692 sabula
1171 1654 1289 1704 pars
1304 1631 1490 1686 adficta
1506 1641 1722 1702 propter
1733 1631 1830 1683 ho-

813 1720 1024 1772 minum
1035 1714 1413 1770 crudelitatem.
1437 1710 1694 1767 Crudeles
1705 1731 1830 1764 san—

808 1805 962 1869 guine
978 1802 1096 1851 nale·
1109 1795 1418 1849 dicebantur
1435 1791 1637 1848 :Tib-11.
1662 1791 1688 1844 1
1707 1831 1722 1859 ,
1749 1808 1825 1859 ιι,

811 1882 969 1953 39—-
981 1880 1243 1939 Ammo,
1271 1877 1324 1929 in
1343 1873 1582 1928 animans
1593 1880 1827 1926 vertere:

815 1958 897 2012 lv
915 1998 930 2025 ‚
955 1957 1085 2021 618;
1110 1953 1247 2009 xlv
1268 1992 1282 2020 ,
1310 1952 1424 2006 565.
1458 1949 1709 2018 Prosere
1728 1969 1827 2002 re-

811 2036 990 2092 vocavi
1008 2054 1137 2096 su,
1161 2036 1218 2088 in
1243 2051 1350 2103 quo
1371 2030 1701 2100 indulgentia
1715 2049 1827 2083 ma·

810 2126 962 2170 terna
985 2113 1122 2167 inest
1140 2121 1193 2165 et
1211 2128 1364 2164 causa
1378 2106 1699 2161 mutationis.
1721 2107 1827 2160 Ne-

812 2210 913 2261 que
935 2231 950 2258 ,
967 2189 1142 2257 sisere
1156 2186 1493 2258 praessisset
1508 2224 1524 2252 ,
1539 2185 1722 2252 subjici
1738 2202 1827 2254 po·

810 2268 992 2322 tuisset
1018 2306 1034 2333 ‚
1076 2269 1173 2319 sed
1193 2271 1246 2316 e!
1268 2267 1364 2315 illa
1393 2272 1488 2316 etc.
1543 2264 1607 2313 In
1628 2260 1827 2327 factem

807 2352 1085 2407 domenum,
1128 2345 1185 2396 in
1209 2342 1451 2396 homines
1466 2381 1482 2407 ,
1509 2350 1599 2393 aut
1626 2340 1680 2391 in
1702 2339 1825 2391 sor-

812 2442 958 2479 mam
1005 2421 1285 2475 hominum
1309 2459 1323 2480 ‚
1370 2435 1528 2488 quam
1574 2414 1828 2484 Gigantes

811 2522 924 2559 non
948 2499 1254 2556 habuerant.
1273 2525 1342 2538 -
1359 2496 1448 2550 Sic
1467 2495 1657 2548 dicitur
1672 2493 1825 2554 facies

809 2584 988 2650 maris,
1001 2580 1155 2634 facies
1169 2577 1297 2644 celi,
1314 2586 1411 2631 etc.
1429 2597 1442 2637 ς
1460 2574 1694 2642 adeoque
1713 2591 1823 2626 om·

809 2666 894 2721 nis
913 2673 1130 2717 externa
1149 2657 1344 2729 species
1362 2667 1416 2711 et
1438 2657 1606 2708 forma
1625 2693 1639 2721 ,
1666 2653 1826 2707 oculis

809 2743 1039 2815 exposita
1052 2779 1068 2807 ,
1094 2739 1247 2793 facies
1263 2737 1565 2809 appellatur.
1580 2735 1725 2789 Hinc
1734 2753 1826 2789 nu·

809 2822 1063 2894 perficies.
1090 2820 1190 2872 Ed.

883 2901 991 2955 158.
1006 2900 1301 2952 Incaluit-se.
1321 2893 1506 2947 Burm.
1522 2891 1658 2946 bene
1682 2892 1821 2959 fecit,

809 2977 953 3050 quod
990 2996 1122 3031 vers.
1144 2994 1251 3043 seq.
1285 2992 1383 3043 pro
1405 2974 1729 3025 imnaduslcse
1761 2989 1825 3022 ex

809 3077 922 3113 uno
943 3055 1140 3111 Medic.
1161 3065 1217 3107 et
1231 3052 1355 3106 edit.
1380 3050 1502 3104 Aldi
1521 3048 1668 3103 dedit
1683 3053 1825 3101 inca-

805 3142 991 3198 luisse,
1019 3133 1141 3203 quia
1156 3130 1316 3186 ovid.
1330 3140 1471 3184 amat
1490 3127 1617 3182 tales
1631 3128 1829 3196 repeti-

808 3217 1007 3280 tiones,
1034 3223 1089 3265 et
1111 3210 1232 3279 quia
1258 3209 1314 3261 in
1340 3211 1509 3261 calore
1527 3206 1618 3259 illo
1639 3206 1715 3259 vis
1734 3205 1823 3276 gi-

805 3289 1025 3364 guendi.

883 3375 989 3442 ¹59·
1012 3367 1207 3435 Stirpis.
1228 3362 1439 3417 Tbuan.
1460 3373 1512 3416 et
1537 3379 1675 3414 unus
1692 3361 1821 3414 Vos·

807 3446 1067 3515 sian-sere
1080 3447 1269 3510 stitptk,
1288 3437 1430 3511 quod
1444 3439 1694 3494 Heinsius
1707 3459 1823 3493 am·-

809 3529 988 3599 plexus
1010 3535 1106 3579 est.

882 3605 989 3658 162.
1015 3606 1179 3657 Scires
1200 3618 1232 3654 e
1254 3605 1500 3669 sanguine
1519 3603 1683 3651 natos.
1708 3594 1788 3649 Vl
1802 3635 1817 3659 ,

809 3705 905 3741 22:
928 3687 1091 3739 Scires
1125 3704 1162 3736 a
1188 3684 1405 3735 Pallade
1437 3684 1652 3734 doctam.
1686 3678 1730 3732 F
1730 3689 1822 3733 ant.

813 3766 869 3823 II
889 3806 905 3835 ‚
941 3768 1039 3838 ⁴¹9
1062 3784 1074 3817 :
1100 3766 1268 3817 Marte
1296 3768 1438 3815 satos
1468 3765 1639 3814 scie-es.
1681 3758 1821 3813 Vide

811 3843 1079 3901 Drakenh.
1103 3840 1168 3896 ad
1189 3840 1285 3895 Sil.
1307 3840 1387 3907 V,
1414 3858 1525 3912 ²79·

881 3923 1127 3990 163-243.
1165 3923 1388 3993 Lycaon.
1439 3917 1622 3987 Quam
1662 3916 1822 3987 impia

807 4004 896 4058 illa
915 4024 944 4057 e
971 4001 1261 4073 Gigantum
1282 3997 1536 4069 sanguine
1558 4006 1673 4049 orta
1696 4015 1824 4065 pro-

806 4083 882 4137 les
892 4084 1078 4149 suerit,
1097 4079 1374 4136 commode
1392 4079 1642 4151 probatur
1651 4096 1821 4131 exem·

807 4161 897 4230 plo
931 4160 1184 4232 Lycaonis
1199 4198 1216 4227 ,
1254 4159 1387 4229 regis
1424 4156 1656 4212 Arcadiae
1673 4196 1690 4222 ,
1731 4155 1819 4224 qui

802 4238 903 4308 ipsi
926 4237 1049 4291 Jovi
1068 4276 1084 4305 ,
1109 4249 1271 4291 terras
1286 4237 1471 4290 visenti
1489 4275 1506 4303 ‚
1527 4254 1636 4290 non
1657 4233 1821 4288 modo

803 4335 992 4377 urna
1030 4316 1287 4372 humanas
1321 4324 1635 4385 apposuerat
1656 4351 1673 4380 ,
1728 4311 1820 4367 sed

1926 1473 2088 1528 etiam
2118 1473 2328 1529 insidias
2356 1485 2645 1542 struxerat;
2683 1498 2847 1548 quam
2870 1482 2936 1535 ob

1924 1553 2249 1623 impietatem
2267 1554 2323 1607 in
2338 1554 2522 1624 lupum
2544 1576 2825 1614 conversus
2846 1572 2936 1616 est.

1929 1631 2014 1685 Cs.
2031 1633 2227 1704 Hygin.
2248 1633 2350 1686 sab.
2377 1635 2487 1703 176,
2512 1646 2568 1690 et
2587 1635 2939 1707 Apollod.Bi-
2970 1683 2979 1692 .

1870 1727 1875 1732 ’
1924 1709 2107 1765 hlioth.
2136 1711 2217 1764 111
2233 1715 2332 1776 ,οὓς
2359 1731 2464 1781 quo
2492 1723 2714 1784 utroque
2739 1714 2853 1771 loco
2872 1717 2941 1772 fi-

1924 1785 1979 1840 lii
2004 1787 2258 1859 Lycaonis
2273 1826 2290 1854 ,
2327 1789 2470 1857 quod
2490 1790 2578 1845 hic
2598 1791 2823 1847 traditur
2843 1815 2936 1865 pe·

1924 1865 2149 1919 ticulum
2169 1906 2185 1933 ‚
2211 1865 2266 1919 in
2290 1867 2425 1921 Jove
2449 1869 2622 1924 sacere
2645 1884 2905 1928 conantur
2920 1915 2936 1942 ,

1924 1962 2083 2012 quam
2099 1943 2168 1996 ob
2179 1963 2387 1998 causam
2400 1946 2492 2015 ipsi
2504 1947 2725 2003 fulmine
2737 1970 2937 2006 neoen-

1924 2033 2037 2087 tur;
2064 2035 2212 2093 pater
2223 2035 2398 2078 autem
2420 2026 2710 2082 secundum
2736 2030 2934 2102 Hygin-

1922 2102 1979 2157 in
2015 2103 2201 2174 lupum
2245 2107 2570 2161 convertitur
2590 2146 2607 2174 ,
2641 2110 2930 2165 secundum

1924 2181 2166 2252 Apollod.
2193 2194 2370 2239 autem
2393 2204 2499 2238 una
2520 2205 2643 2240 cum
2665 2186 2783 2242 filii,
2803 2208 2933 2244 oon-

1920 2272 2201 2315 crematur.
2238 2260 2380 2315 Cum
2406 2262 2650 2333 Apollod.
2671 2269 2933 2323 consentit

1921 2337 2097 2392 Schol.
2122 2338 2379 2411 Lycopbr.
2403 2339 2469 2393 ad
2492 2361 2622 2396 vers.
2646 2345 2759 2407 481.
2786 2346 2929 2400 Pau·

1919 2434 2028 2468 san.
2057 2415 2245 2469 Arcad.
2278 2437 2328 2488 p.
2354 2415 2482 2485 Boo,
2510 2419 2700 2488 tradit,
2724 2421 2932 2495 Lymo-

1920 2513 2046 2547 nem
2059 2535 2074 2562 ‚
2092 2495 2293 2567 Pelasgi
2310 2495 2363 2550 fil
2371 2497 2498 2564 ium,
2520 2497 2745 2572 Cecropi
2766 2522 2932 2572 equa·

1920 2575 2059 2643 lem,
2085 2575 2208 2629 Jovi
2240 2596 2383 2631 sacra
2414 2578 2596 2651 Lyoea
2624 2581 2929 2649 instituisse,

1920 2655 1977 2708 in
1995 2656 2158 2725 iisque
2175 2656 2429 2710 infantem
2443 2657 2771 2726 sacrificasse,
2791 2681 2932 2715 eam-

1922 2750 2023 2800 que
2041 2733 2109 2786 ob
2123 2752 2329 2787 causam
2345 2735 2400 2787 in
2416 2735 2602 2804 lupum
2619 2755 2931 2802 contet-mm

1921 2830 2046 2865 esse.
2072 2810 2134 2865 Id
2158 2812 2298 2881 quod
2322 2813 2478 2882 paulo
2500 2816 2714 2885 propius
2737 2818 2803 2871 ad
2826 2818 2933 2873 bis-

1921 2892 2139 2945 torioem
2170 2892 2443 2946 veritatem
2468 2894 2679 2949 accedit.
2718 2895 2931 2952 Etenim

1921 2969 2081 3022 etiam
2098 2988 2333 3023 marmor
2345 2971 2602 3025 Arundel.
2617 2972 2643 3026 1
2660 3011 2675 3039 ,
2702 2974 2760 3027 31
2787 3014 2803 3042 ‚
2821 2994 2931 3031 me·

1921 3057 2128 3113 morat,
2150 3047 2478 3119 Lycaonem,
2507 3047 2797 3118 Pandioni‚
2829 3049 2930 3106 Ce-

1919 3128 2088 3196 cropia
2125 3126 2233 3180 filio
2253 3165 2269 3193 ‚
2312 3128 2565 3196 equalem
2592 3168 2607 3195 ,
2650 3128 2931 3188 instituisse

1919 3203 2041 3256 Jovi
2065 3223 2234 3272 sacra,
2262 3215 2442 3260 Δυκαῖα
2463 3203 2628 3273 dicta,
2658 3206 2930 3277 inquibus

1919 3282 2161 3337 homines
2197 3284 2316 3337 Deo
2358 3284 2691 3341 offerrentur.
2752 3287 2930 3357 Atque.

1918 3360 2031 3416 haec
2051 3380 2191 3415 sacra
2218 3360 2307 3414 diu
2328 3361 2575 3417 mansisse
2597 3362 2740 3419 inter
2761 3365 2931 3420 Arca-

1915 3437 2032 3505 das,
2058 3457 2119 3490 ex
2135 3439 2349 3508 antiquo
2367 3439 2595 3509 quodam
2613 3451 2825 3497 auctore
2842 3462 2929 3497 re·-

1915 3518 2017 3571 sert
2052 3516 2186 3571 Plin.
2214 3519 2287 3572 H.
2313 3520 2378 3575 N.
2408 3521 2578 3587 VIII,
2604 3521 2684 3578 32.
2724 3522 2929 3593 Regem

1916 3599 2115 3668 justum
2138 3599 2292 3654 fuisse
2317 3620 2442 3655 eum
2472 3600 2619 3655 Suid.
2654 3601 2709 3656 in
2736 3607 2933 3660 Aua-zm

1914 3688 2124 3741 nari-au
2150 3688 2304 3747 atque
2328 3679 2484 3733 etiam
2507 3699 2569 3733 ex
2592 3680 2817 3736 Pausan.
2837 3701 2932 3752 ap-

1916 3768 2065 3828 paret
2082 3798 2098 3825 ,
2118 3758 2282 3813 multa
2301 3778 2426 3813 eum
2448 3760 2590 3814 inter
2611 3761 2843 3817 Arcadas
2865 3762 2932 3816 ad

1917 3838 2035 3892 vite
2058 3838 2258 3893 cultum
2281 3839 2554 3895 invenisse.
2584 3841 2841 3896 Fabulam
2864 3843 2931 3898 de

1918 3919 2210 3974 mutatione
2238 3920 2292 3974 in
2320 3921 2502 3989 lupum
2527 3920 2675 3975 facile
2701 3922 2933 3976 nomini:

1917 4011 2133 4072 etymon
2148 4019 2330 4069 parere
2340 4000 2523 4070 potuit.
2534 3999 2615 4054 De
2627 4008 2933 4079 λυκαυθρωκίᾳ

1918 4077 2157 4131 univer-e
2192 4075 2450 4131 Herodot.
2484 4077 2598 4144 IV,
2639 4082 2769 4147 105,
2793 4079 2930 4133 Plin.

1917 4156 1967 4209 d.
1994 4156 2024 4209 Ι.
2060 4156 2338 4224 disputant.
2371 4155 2623 4210 Fabulam
2656 4157 2713 4211 in
2743 4178 2798 4212 se
2837 4169 2932 4212 te-

1917 4252 2078 4288 nuem
2118 4233 2351 4303 Ovidius·
2368 4233 2677 4290 tractatione
2701 4234 2932 4290 reddidit

1916 4312 2315 4368 memorabilem
2329 4351 2347 4383 ,
2369 4313 2426 4369 in
2441 4332 2606 4385 eaque
2627 4313 2931 4371 exornanda
