3217 5134
67 5 669 25 fw-v-——rffss--w--rss-ffi—-ffiffp'
688 7 777 10 -—''
802 7 813 8 r
840 7 845 8 ⁷
868 7 873 10 ’
918 7 921 8 ’
956 7 981 10 ”
1016 7 1027 10 v

615 557 1660 628 METAMORPHOSEON
1715 562 1918 630 LIB.
1978 565 2125 634 IV.-

2280 568 2404 636 351

273 700 540 772 Laevum
574 699 957 788 Mercurio;
992 698 1300 775 dextrum
1335 701 1464 775 tihi
1482 757 1501 790 ‚
1537 700 1781 777 bellica
1812 703 2039 801 virgo;

273 816 411 889 Ara
442 814 634 888 Jovis
667 814 885 889 media
918 833 1067 890 est:
1100 834 1432 892 mactatur
1457 844 1654 893 vacca
1682 819 2043 913 Minervae3

275 931 547 1034 Alipedi
579 932 873 1022 vitulum
909 951 1140 1009 taurus
1173 935 1340 1024 tihi,
1378 963 1633 1011 summe
1668 936 1990 1012 Deorum.
2314 963 2415 1034 755

276 1048 594 1123 Protinus
628 1049 1106 1125 Andromedan
1125 1107 1144 1137 ‚
1182 1068 1251 1125 et
1278 1051 1448 1126 tanti
1477 1051 1748 1153 proemia
1778 1052 1939 1126 facti

279 1170 592 1245 Indotata
623 1173 848 1273 rapit:
884 1173 1087 1248 taedas
1126 1174 1526 1276 Hymenaeus
1551 1176 1900 1276 Amorque

279 1295 685 1397 Praecipiunt
713 1326 730 1370 :
764 1294 967 1393 largis
1002 1299 1329 1373 satiantur
1358 1298 1682 1373 odoribus
1708 1299 1933 1395 igne83

273 1512 472 1559 verunt
485 1542 500 1570 ,
518 1500 646 1571 quid
661 1502 774 1556 veri
790 1503 887 1557 sub
900 1521 962 1557 ea
977 1503 1136 1558 lateat
1156 1523 1170 1558 t
1193 1504 1299 1558 vid.

272 1586 502 1641 Paman.
517 1582 764 1636 Corinth.
781 1603 832 1654 p.
848 1586 959 1655 159,
974 1585 1064 1638 ubi
1076 1595 1132 1637 et
1145 1603 1299 1637 suam

272 1672 327 1715 et
342 1661 520 1716 Procli
532 1661 855 1715 sententiam
873 1662 1042 1716 affert.
1057 1662 1138 1715 Ex
1158 1663 1301 1717 Pau-

221 1746 226 1753 '
271 1743 435 1796 sanine
449 1742 728 1812 opinione,
753 1741 981 1796 Medusa
1001 1742 1101 1796 suit
1116 1742 1300 1812 regina

270 1840 466 1876 eorum
497 1821 816 1892 populorum
833 1860 849 1887 ,
889 1822 982 1891 qui
1019 1821 1083 1875 ad
1125 1821 1300 1875 lacum

269 1899 616 1954 Tritonidem
657 1900 713 1953 in
764 1901 944 1954 Asi-ica
979 1899 1299 1954 habitabant.

269 1980 422 2033 Ausa
434 1978 518 2031 illa
530 1996 655 2031 cum
673 1979 870 2032 Perseo
882 1975 1302 2047 congredi,victa

266 2069 352 2112 est
377 2068 433 2111 et
457 2056 729 2111 trucidata.
765 2057 992 2109 Perseus
1015 2053 1303 2108 admiratus

264 2139 391 2208 ejus
404 2138 634 2191 sormam
646 2175 663 2201 ,
683 2146 839 2205 caput
855 2134 970 2204 ejus
982 2135 1271 2204 amputavit
1284 2172 1299 2201 ,

263 2227 435 2286 atque
446 2232 629 2269 aecum
644 2215 700 2266 in
717 2212 979 2267 Gradam
994 2210 1169 2266 attulit
1180 2252 1196 2278 ,
1212 2211 1304 2265 ubi

261 2295 544 2367 sepultum
580 2305 675 2348 est.
711 2292 985 2347 Diodorus
1006 2331 1023 2359 ,
1059 2292 1147 2346 lib.
1186 2293 1299 2361 lv,

260 2386 462 2431 censet
488 2414 504 2441 ,
552 2373 709 2428 fuisse
760 2372 1038 2444 Gorgoneo
1080 2373 1303 2427 seminas

260 2454 350 2509 bet
359 2452 546 2508 licosas
564 2453 620 2507 in
637 2453 834 2520 Africa,
850 2449 1302 2520 quemadmodum

263 2534 583 2587 Amazones
619 2533 677 2586 in
716 2530 965 2604 Scythia3
1013 2549 1101 2586 eas
1135 2551 1245 2585 esee
1271 2551 1303 2585 a

263 2610 476 2665 Peneo
489 2608 784 2664 debellatas.
804 2609 980 2663 Aliam
992 2609 1301 2679 opinionem

266 2688 610 2758 amplectitur
627 2685 856 2756 Palaeph.
867 2686 951 2753 32,
968 2685 1125 2739 aliam
1138 2686 1300 2740 etiam

267 2765 516 2832 Proclus,
534 2765 689 2819 aliam
705 2783 887 2819 rursus
895 2764 1161 2837 Didymus
1174 2787 1190 2830 ς
1205 2764 1301 2819 sed

267 2862 464 2897 omnes
497 2861 612 2897 rem
643 2843 949 2912 conjectura
972 2844 1174 2913 assequi
1195 2861 1301 2897 co-

266 2934 490 2976 nantur.
503 2921 738 2975 —Sacra
754 2922 879 2976 fecit
901 2933 1118 2992 propter
1137 2922 1303 2975 victo-

265 3004 406 3057 riam
426 3044 443 3070 ,
469 3020 776 3072 quanquam
799 3012 854 3055 et
874 3003 1085 3071 nuptias
1105 3000 1193 3055 illa
1215 3020 1306 3054 an·

265 3081 519 3136 tecedere
541 3081 794 3135 solebant.
821 3080 969 3133 Fecit
991 3090 1171 3133 autem
1193 3082 1306 3131 Mi-

263 3178 435 3214 nerva
469 3170 524 3213 et
554 3161 809 3212 Mra-urio
832 3198 846 3221 ‚
885 3157 1075 3226 quibus
1113 3159 1300 3233 eximie

264 3256 457 3305 carus,
483 3246 540 3290 et
562 3256 590 3289 a
613 3236 804 3305 quibua
825 3234 1038 3303 adjums
1053 3234 1109 3285 in
1132 3253 1302 3305 expe·-

263 3312 482 3369 ditione
505 3324 692 3367 contra
716 3311 1001 3366 Medusam
1017 3351 1034 3379 ‚
1059 3310 1200 3381 quod
1224 3330 1304 3364 re·

262 3392 404 3464 liqui
428 3393 647 3467 mythici
665 3392 858 3447 diserte
877 3393 1188 3446 tradunt.—-·
1200 3395 1304 3445 Fo-

263 3494 387 3537 cos,
424 3475 838 3527 arasa—Dexter
847 3473 994 3525 focus
1014 3473 1303 3541 assignatur

264 3553 559 3606 Minerva.
583 3552 663 3605 Ea
674 3553 823 3605 enim
836 3549 960 3603 Jovi
982 3550 1303 3619 praeneteria

261 3632 456 3688 liberis
470 3651 590 3685 cara
606 3671 622 3698 ,
647 3649 884 3686 summos
910 3630 1137 3684 honores
1159 3647 1303 3682 oon-

258 3720 501 3781 sequuta
515 3722 622 3773 θοις
643 3711 798 3780 eique
819 3710 980 3765 etiam
998 3709 1101 3763 hoc
1117 3708 1303 3762 datum

257 3800 386 3843 erat
406 3828 423 3856 ,
460 3799 522 3842 ut
542 3807 754 3859 semper
776 3787 843 3842 ad
866 3787 1105 3842 dextram
1141 3787 1303 3857 patris

256 3867 520 3935 sederet,
552 3885 653 3920 nec
675 3884 914 3937 unquam
939 3885 969 3919 a
990 3866 1154 3919 latere
1187 3868 1303 3935 ejus

259 3944 587 4000 discederet.
623 3946 814 3999 Horat.
840 3945 896 4011 1,
936 3943 1045 3999 od.
1069 3961 1153 3996 xn
1172 3985 1188 4011 ,
1225 3965 1260 4017 9
1286 3964 1300 3998 z

259 4023 394 4077 vide
412 4022 703 4092 spanhem.
719 4023 783 4075 ad
803 4020 1189 4075 Callimachum
1207 4061 1222 4089 ,
1249 4023 1303 4077 h.

261 4102 528 4174 Apollod.
562 4122 696 4158 vers.
730 4124 795 4174 ²9
810 4142 826 4169 ,
867 4111 923 4155 et
963 4101 1146 4155 Lavac.
1190 4102 1302 4155 Pal.

259 4200 411 4235 vera.
442 4181 553 4235 132.
590 4181 853 4235 Eamdem
879 4182 1042 4254 igitur
1064 4179 1305 4250 dignita-

260 4270 389 4315 tem
414 4260 462 4315 ei
483 4270 855 4315 concesserunt
878 4271 932 4313 et
947 4270 1117 4331 poetae
1140 4269 1194 4312 et
1217 4277 1303 4311 ar-

259 4338 477 4405 tificem
511 4358 744 4408 namque
779 4340 942 4394 etiam
975 4340 1033 4392 in
1068 4337 1314 4395 nummis.

1395 1505 1577 1560 multis
1591 1505 1715 1559 Jovi
1734 1509 1971 1582 σῦνθρονος·
1981 1506 2269 1562 exhibetur.
2291 1508 2419 1565 Cui*-

1396 1602 1500 1652 que
1524 1583 1646 1637 Deo
1668 1593 1828 1639 certa
1843 1584 2067 1639 victimae
2091 1598 2245 1641 erant
2268 1587 2423 1644 desti·

1393 1672 1553 1729 nate,
1569 1673 1627 1716 et
1644 1663 1925 1716 cavebatur
1937 1702 1953 1729 ,
1975 1682 2046 1717 ne
2058 1669 2232 1719 aliena
2253 1669 2423 1720 hostia

1396 1741 1512 1810 quis
1524 1740 1832 1811 placaretur.
1850 1741 1988 1796 Plin.
2005 1744 2078 1795 H.
2091 1743 2322 1813 NNIH,
2336 1750 2416 1813 45.

1464 1817 1574 1885 756.
1597 1820 1971 1874 Andromedan.
2010 1819 2196 1875 Codex
2220 1822 2419 1893 Regius

1395 1893 1445 1947 Β
1462 1933 1478 1961 ,
1507 1895 1902 1965 Andromaden,·
1932 1898 2187 1951 mendose
2203 1940 2218 1962 ‚
2238 1911 2301 1954 ut
2316 1919 2425 1954 εε-

1383 1975 1514 2042 „pius
1535 1974 1593 2026 in
1620 1974 1784 2028 MSS.
1808 1977 2029 2029 nomina
2051 1979 2263 2047 propria
2291 1996 2423 2032 cor-

1398 2062 1740 2121 rumpuntur.
1764 2055 1866 2105 Ed.
1889 2080 1958 2095 ·-
1980 2057 2057 2107 Et
2076 2060 2222 2107 tanti.
2248 2056 2426 2111 Heiu-

1396 2130 1504 2183 sius
1527 2130 1857 2199 conjecturat
1880 2139 1940 2185 ut
1956 2138 2103 2185 tanti.
2135 2132 2288 2203 Regii
2310 2152 2429 2186 nos-

1399 2208 1468 2262 tri
1509 2207 1710 2264 habent
1747 2218 1802 2263 et
1841 2216 1989 2264 tanti.
2024 2238 2094 2252 —·-
2135 2211 2342 2283 Copula
2375 2221 2429 2267 e!

1398 2288 1578 2345 turbat
1599 2306 1815 2343 uncum
1834 2329 1849 2357 ,
1885 2290 2027 2360 quod
2052 2291 2213 2345 etiam
2238 2293 2424 2346 Hein—

1397 2370 1503 2423 sius
1535 2371 1733 2437 sensit,
1762 2371 1853 2440 qui
1893 2390 2013 2425 eam
2048 2380 2222 2427 mutat
2249 2373 2307 2426 in
2337 2383 2421 2436 nt,

1396 2447 1492 2503 aed
1513 2449 1705 2504 melius
1738 2451 1937 2505 abesset
1954 2489 1971 2518 ,
2008 2462 2071 2506 ut
2089 2458 2303 2520 premia
2329 2473 2426 2524 per

1397 2529 1783 2601 appositionem
1806 2530 2049 2586 additum
2067 2534 2219 2587 esset}
2241 2560 2309 2573 —
2331 2536 2425 2587 In-

1395 2612 1578 2664 dotaela
1595 2648 1610 2677 ,
1635 2609 1748 2664 aine
1775 2629 1943 2683 regno
1958 2652 1974 2679 ,
1998 2611 2140 2682 quod
2166 2612 2278 2667 doti
2296 2633 2423 2684 pro·-

1396 2689 1654 2743 miserant
1673 2701 1919 2760 parentes
1935 2731 1952 2757 ‚
1969 2710 2123 2744 versu
2142 2694 2429 2760 705.-—Ba-

1389 2773 1487 2835 pit.
1511 2768 1665 2822 Idem
1691 2766 1944 2822 Heinsius
1959 2788 2023 2822 ex
2036 2789 2149 2823 uno
2166 2769 2425 2823 Gronovii

1399 2856 1455 2898 et
1501 2844 1800 2899 Barberino
1839 2847 2053 2915 praefert
2096 2853 2249 2914 capit.
2299 2847 2427 2901 Non

1400 2922 1629 2975 arbitror
1645 2962 1661 2989 ,
1686 2934 1900 2992 poetam
1931 2922 2163 2976 alludere
2187 2941 2424 2977 consue-

1400 3000 1574 3053 tudini
1596 3001 1856 3055 Romame
1872 3042 1887 3066 ,
1914 3020 2018 3070 qua
2040 3019 2178 3053 nova
2202 3012 2370 3072 nupta
2394 3022 2422 3056 c

1401 3080 1605 3150 gremio
1620 3081 1803 3134 matris
1815 3086 1935 3148 rapi
1942 3081 2427 3152 simulabatur-‚quat

1399 3169 1514 3212 erat
1532 3157 1812 3212 Constant.
1829 3159 2054 3213 Fanens.
2073 3161 2279 3230 opinio;
2298 3161 2390 3216 sed
2407 3203 2422 3227 ‚

1397 3239 1440 3291 si
1469 3237 1625 3291 lectio
1645 3256 1772 3291 sana
1794 3278 1810 3304 ‚
1834 3238 1936 3293 hoc
1954 3239 2177 3294 verbum
2191 3242 2339 3311 capio
2358 3241 2425 3295 de

1400 3315 1590 3371 ardore
1629 3327 1683 3401 et
1724 3317 2058 3373 festinatione
2077 3365 2093 3392 ,
2142 3338 2245 3390 qua
2277 3321 2425 3374 laetus

1399 3397 1627 3451 Perseus
1645 3436 1661 3462 ‚
1686 3408 1859 3467 spreta
1881 3396 2005 3451 dote
2021 3438 2037 3465 ,
2070 3399 2299 3468 puellam
2329 3400 2423 3468 ip—

1398 3493 1511 3530 sam
1531 3474 1628 3528 sibi
1649 3474 1877 3528 vindicat
1892 3513 1907 3541 ,
1935 3486 1990 3528 et
2009 3475 2072 3527 ad
2096 3476 2298 3546 regiam
2323 3474 2425 3529 Ce-

1399 3554 1521 3626 phei
1545 3555 1705 3608 ducit.
1733 3555 1879 3608 Hinc
1901 3554 2064 3606 etiam
2088 3554 2299 3607 additur
2308 3574 2426 3624 pro-

1399 3640 1539 3687 {inus
1559 3642 1614 3685 et
1636 3635 1887 3684 [addula.

1467 3712 1578 3780 758.
1601 3712 1922 3776 precipiunt.
1959 3707 2211 3763 Heinsius
2234 3727 2263 3762 e
2287 3708 2424 3762 Flo-

1399 3791 1616 3844 rentino
1636 3789 1692 3843 S.
1718 3788 1889 3842 Marci
1922 3799 2192 3857 receperat
2214 3808 2425 3856 pmcn-

1399 3874 1560 3936 t1‘unt,·
1593 3868 1751 3937 vulgo
1790 3867 2061 3936 legebatur
2084 3871 2385 3935 precipiunt
2401 3906 2417 3927 ‚

1402 3946 1546 4017 quod
1569 3947 1770 4001 habent
1791 3965 2001 4015 quoque
2032 3945 2197 3999 nostri
2235 3944 2389 4014 Regii
2407 3983 2424 4011 ,

1401 4038 1457 4082 et
1489 4026 1879 4080 restituendum
1904 4026 2236 4088 censuimus;
2263 4042 2389 4079 nam
2406 4062 2422 4091 ,

1402 4122 1527 4173 pace
1559 4103 1920 4156 recentiorum
1951 4101 2156 4154 dicatur
2172 4141 2188 4167 ‚
2214 4119 2423 4170 pracu-

1400 4187 1536 4234 linnt
1556 4192 1635 4235 est
1666 4199 1767 4233 vox
1795 4181 2014 4234 barbara
2047 4180 2196 4247 cujus
2234 4198 2425 4233 exem-

1401 4259 1550 4328 plum
1587 4257 1793 4313 nullum
1830 4259 1887 4310 in
1929 4258 2225 4312 auctoribus
2256 4276 2423 4327 repe-

1401 4338 1569 4403 titum
1594 4354 1756 4407 quare
1770 4342 2007 4406 pracati!
2033 4337 2179 4407 quod
2200 4336 2342 4392 vides
2365 4337 2419 4389 in
