3217 5134
824 531 958 617 414

1378 533 1465 599 P.
1514 532 1872 603 OVIDII
1917 531 2385 601 NASONIS

822 673 1143 748 Audierat
1171 698 1188 744 ε
1216 698 1360 747 non
1388 671 1506 747 illa
1533 671 1719 763 loco,
1751 701 1873 748 nec
1909 673 2165 769 origine
2198 673 2416 769 gentis

823 790 1015 864 Clara
1037 846 1056 878 ‚
1091 788 1208 865 sed
1240 807 1376 864 arte
1397 845 1416 877 ‚
1449 788 1581 863 fuit
1613 819 1629 863 z
1663 806 1853 891 pater
1881 789 2040 863 hnic
2072 786 2535 890 Colophonius
2565 787 2806 861 Idmon
2826 806 2849 874 ,·

819 907 1148 981 Phocaico
1175 906 1447 1005 bibulas
1480 905 1828 1001 tinguebat
1858 904 2105 979 murice
2136 903 2319 978 lanas
2346 933 2363 976 τ

825 1023 1178 1099 Occiderat
1210 1041 1457 1112 mater;
1492 1021 1609 1096 sed
1640 1039 1708 1095 et
1738 1021 1877 1095 haec
1916 1021 1996 1095 de
2029 1019 2259 1121 plebe,
2297 1048 2555 1120 suoque
2879 1054 2931 1091 ιο

822 1140 1041 1240 AEqu'a
1074 1138 1217 1212 viro
1250 1137 1483 1211 suerat.
1516 1135 1735 1238 Lydas
1771 1153 1987 1210 tamen
2022 1133 2137 1209 illa
2160 1163 2284 1237 per
2313 1134 2517 1209 urbes

821 1329 1045 1399 cogitare
1065 1327 1219 1395 coepit
1241 1325 1307 1378 de
1329 1343 1483 1395 poena
1499 1324 1563 1377 ab
1590 1322 1836 1377 Arachne

820 1405 1091 1462 sumenda.
1121 1403 1227 1458 Sed
1268 1402 1472 1456 dubitat
1506 1399 1836 1455 Sebiraehius

821 1506 889 1539 an
913 1485 1014 1538 hoc
1036 1482 1156 1537 satis
1177 1481 1442 1552 poeticum
1459 1481 1526 1534 sit
1540 1519 1555 1546 ‚
1573 1490 1628 1534 et
1646 1490 1802 1549 negat
1817 1518 1832 1545 ‚

825 1562 1035 1632 phrasin
1061 1565 1283 1613 am'mum
1301 1562 1552 1611 munden·
1579 1556 1717 1626 apud
1745 1556 1838 1609 ul-

822 1643 934 1695 lum
963 1649 1175 1709 poetam
1203 1637 1439 1707 reperiri.
1463 1636 1526 1689 ln
1546 1654 1653 1705 quo
1668 1635 1837 1705 lapsus

822 1723 932 1779 est;
957 1733 1189 1784 namque
1225 1713 1334 1783 ipsa
1364 1713 1549 1767 Lexica
1578 1711 1838 1782 suppedi-

821 1806 938 1850 tant
975 1794 1149 1848 locum
1192 1791 1442 1859 Horatii,
1483 1790 1648 1861 Epist.
1673 1791 1699 1845 Ι
1718 1830 1733 1857 ,
1761 1805 1834 1856 11,

822 1875 888 1927 35
925 1892 939 1926 t
974 1873 1212 1925 Intendes
1257 1874 1476 1923 anianum
1518 1872 1705 1923 studiis
1734 1909 1747 1931 ,
1788 1876 1841 1922 et

820 1955 966 2005 rebus
979 1952 1218 2005 honestis.
1236 1948 1429 2002 Noster
1445 1987 1461 2016 ‚
1490 1948 1572 2001 lv
1597 1946 1755 2001 Trist.
1781 1963 1805 1998 1
1821 1987 1836 2013 ,

822 2033 853 2097 4
875 2069 889 2097 ,
920 2048 1059 2081 mens
1078 2032 1273 2081 micola
1296 2029 1459 2079 maleit.
1486 2026 1601 2095 Ipse
1626 2042 1752 2094 ergo
1775 2044 1836 2077 ex

822 2124 932 2158 uno
971 2103 1167 2159 Codice
1199 2103 1409 2174 prefert
1451 2105 1702 2163 incendit,
1737 2100 1834 2154 ad-

824 2184 1005 2256 ditque
1028 2183 1425 2255 explicationem
1446 2183 1583 2236 banc
1603 2200 1620 2235 ι
1649 2180 1836 2235 irasci-

822 2276 911 2316 tur
934 2264 1041 2317 sato
1063 2262 1151 2315 illo
1175 2260 1293 2315 laeto
1318 2260 1614 2324 Arachnes,
1644 2277 1750 2327 quo
1768 2257 1836 2310 si-

820 2342 873 2395 bi
893 2349 1127 2410 aquatur
1139 2348 1266 2392 arte.
1280 2340 1600 2399 —Maeom‘ae‚
1635 2336 1834 2409 Lydia„

820 2417 938 2469 vide
963 2416 1029 2469 ad
1048 2416 1104 2470 11
1119 2455 1133 2481 ,
1162 2419 1273 2469 252.
1298 2414 1518 2485 Lydiam
1549 2413 1832 2467 Arachnen

822 2492 983 2546 etiam
998 2492 1120 2545 facit
1132 2491 1345 2545 Servius
1363 2529 1379 2557 ,
1401 2490 1466 2543 ad
1483 2488 1837 2559 Virg.Georg.

824 2569 926 2636 IV,
963 2569 1061 2636 246
1093 2567 1224 2623 :sed
1259 2568 1571 2635 Thressam,
1609 2586 1830 2637 eamque

822 2647 1084 2717 virginem
1100 2646 1297 2717 regiam
1314 2686 1330 2714 ,
1351 2645 1557 2704 Probus
1575 2644 1641 2698 ad
1667 2664 1830 2713 eum-

825 2726 949 2781 dem
970 2727 1160 2780 locum.

889 2825 933 2873 7.
958 2806 1070 2857 Non
1091 2808 1186 2858 illa
1207 2808 1345 2867 loco,
1368 2814 1466 2858 etc.
1481 2801 1727 2856 Pluribus
1749 2802 1832 2855 ab·

819 2884 1013 2950 jectam
1033 2882 1253 2938 lanifica
1271 2883 1532 2954 originem
1556 2882 1828 2948 describit,

821 2982 927 3033 quo
959 2964 1121 3035 tnagis
1154 2975 1208 3018 et
1237 2984 1318 3020 ars
1350 2964 1498 3033 ejus,
1537 2974 1590 3018 et
1621 2963 1831 3016 audacia

824 3062 927 3112 qua
946 3063 1003 3097 se
1031 3044 1127 3114 ipsi
1149 3045 1409 3099 Minervas
1434 3046 1675 3115 prefert,
1710 3043 1832 3095 illu-

821 3126 1255 3178 cesena—locum
1273 3145 1374 3180 nec
1391 3125 1458 3179 de
1473 3143 1665 3195 genere
1683 3142 1828 3192 cape,

820 3201 963 3269 quod
1002 3203 1272 3257 Pontanus
1306 3205 1511 3259 volebat
1557 3203 1832 3274 (sequitur

818 3278 962 3332 enim
995 3284 1134 3347 on‘go
1162 3283 1362 3349 geoth)
1379 3321 1395 3349 ,
1423 3301 1524 3335 nec
1544 3301 1666 3335 cum
1688 3281 1832 3335 Bur-

820 3379 1046 3427 manno,
1069 3359 1136 3414 de
1151 3360 1423 3432 dignitate,
1437 3361 1530 3415 sed
1546 3362 1610 3415 de
1633 3362 1796 3432 patria
1810 3400 1826 3429 ,

816 3448 1032 3510 propter
1052 3459 1261 3495 versum
1287 3441 1345 3494 13
1364 3480 1380 3508 ,
1407 3440 1498 3510 qui
1510 3439 1631 3494 huic
1647 3450 1829 3494 nostro

819 3517 1121 3588 respondet.
1169 3517 1248 3571 lbi
1283 3519 1426 3572 enim
1456 3537 1620 3586 parea
1654 3520 1830 3572 domos

816 3595 882 3649 ad
916 3600 1151 3664 on‘gioem
1185 3602 1376 3665 gentis,
1431 3608 1495 3650 et-
1509 3616 1679 3663 pawae
1714 3598 1830 3669 Hs-

807 3694 963 3742 paepae
983 3673 1049 3727 ad
1072 3678 1236 3729 locum
1262 3675 1544 3745 pertinent.

881 3753 929 3805 8.
957 3754 1305 3820 Colophonius.
1338 3752 1620 3823 Colophon
1651 3753 1826 3807 nobile

818 3826 983 3880 Ioniae
1022 3828 1288 3898 oppidum.
1327 3857 1393 3869 —
1436 3832 1630 3883 Idmon.
1668 3830 1825 3883 Varie

814 3907 915 3962 hoe
936 3926 1134 3961 nomen
1158 3906 1212 3961 in
1230 3908 1392 3963 MSS.
1418 3920 1713 3974 exaratum,
1743 3912 1829 3961 Is-

811 4005 953 4049 τηου,
989 3988 1219 4057 llysmou
1233 4027 1246 4049 ‚
1287 3990 1521 4042 Elbmon.
1554 3987 1827 4045 Burman-

811 4082 914 4117 nus
936 4063 1162 4133 pretulit
1177 4066 1350 4118 Idaion
1365 4107 1380 4130 ‚
1412 4067 1533 4135 quia
1554 4064 1608 4119 id
1625 4084 1824 4119 nomen

812 4152 868 4195 et
891 4142 974 4196 alii
990 4156 1272 4213 gesserunt.
1289 4145 1511 4201 Gravius
1527 4144 1757 4216 estquod
1772 4156 1826 4198 ot

815 4219 1112 4274 Lactantius
1156 4222 1228 4276 sic
1273 4223 1409 4293 legit.
1463 4224 1618 4295 Regii
1658 4224 1826 4277 nostri

811 4296 1010 4352 babent
1029 4300 1191 4352 etiam
1216 4303 1406 4354 Idmon.
1733 4292 1744 4304 ⁶

2000 1344 2048 1397 9.
2081 1325 2282 1376 Bibule
2323 1322 2457 1378 lanae
2502 1321 2786 1392 exquisite,
2823 1338 2928 1390 qnae

1933 1402 2150 1470 bibunt,
2178 1402 2448 1456 attrabunt
2463 1401 2693 1467 colores,
2723 1412 2929 1469 utsupra

1934 1481 2105 1531 athala
2138 1478 2316 1533 Persei
2335 1483 2540 1532 calana.
2559 1507 2629 1518 -
2652 1480 2930 1545 Τῑιμεω.

1935 1556 2024 1610 Sic
2046 1556 2231 1611 Codex
2255 1557 2451 1627 Regius
2474 1557 2552 1620 B;
2578 1567 2632 1610 at
2658 1554 2841 1609 Codex
2860 1555 2928 1615 A.

1934 1639 2170 1703 tebet-bal.
2205 1634 2410 1690 Eadem
2431 1635 2656 1689 varietas
2683 1636 2741 1687 in
2783 1633 2932 1687 Codi-

1932 1713 2077 1768 cibus
2105 1715 2387 1784 reperitur,
2420 1714 2626 1783 quoties
2657 1712 2770 1766 bne
2799 1710 2931 1766 litera

1931 1810 1971 1858 ς
1987 1800 2109 1843 ante
2132 1790 2361 1844 vocalem
2391 1790 2830 1860 qualemcumque
2853 1807 2930 1858 po-

1932 1867 2030 1920 sita
2064 1869 2319 1923 occurrit:
2345 1867 2430 1922 alii
2453 1868 2601 1921 enim
2623 1878 2742 1938 poet
2757 1887 2798 1935 ς
2816 1866 2929 1920 lite-

1935 1965 2049 2000 ram
2073 1967 2109 1999 u
2136 1947 2435 2017 adjungunt
2451 1986 2467 2014 ,
2504 1946 2589 1999 alii
2625 1965 2754 1999 vero
2771 1966 2810 2013 ς
2829 1945 2928 1997 sine

1933 2045 1968 2077 u
1991 2024 2241 2077 scribunt.
2265 2023 2408 2077 Istud
2425 2042 2587 2094 porro
2600 2022 2751 2076 fluxit
2771 2041 2800 2073 a
2817 2038 2926 2089 pro-

1932 2102 2221 2156 nunciandi
2275 2120 2425 2156 more
2475 2100 2619 2171 apud
2678 2101 2924 2153 Romanos

1932 2189 2204 2233 constante
2224 2201 2238 2243 ς
2261 2180 2451 2234 scilieet
2472 2179 2624 2232 litera
2646 2199 2687 2246 5
2715 2186 2826 2230 ante
2848 2192 2924 2225 vo·

1930 2257 2093 2309 calem
2131 2258 2296 2328 posita
2318 2274 2596 2327 nunquam
2632 2266 2785 2309 sonat
2807 2270 2924 2306 nos-

1930 2344 2076 2388 trum
2099 2336 2164 2402 1⁸,
2208 2334 2299 2390 sed
2343 2355 2546 2404 gnane
2589 2334 2889 2388 Graecorum
2911 2351 2924 2391 3

1930 2417 2073 2470 unde
2099 2417 2248 2484 Itali,
2286 2415 2541 2471 Germani
2565 2455 2582 2482 ,
2629 2413 2816 2483 Angli,
2841 2421 2923 2463 etc.

1928 2494 2052 2549 huie
2069 2495 2366 2566 adjungunt
2383 2517 2419 2548 u
2433 2536 2449 2559 ‚
2485 2494 2722 2565 quamvis
2745 2494 2799 2546 in
2821 2509 2930 2543 mo-

1930 2574 2199 2628 numentis
2231 2573 2492 2627 veteribus
2523 2592 2580 2627 ac
2607 2571 2755 2625 novis
2785 2588 2931 2622 nun-

1930 2669 2088 2720 quam
2104 2690 2120 2718 ,
2143 2652 2225 2705 vel
2243 2670 2363 2705 raro
2385 2649 2686 2716 admodum,
2706 2644 2926 2700 Romani

1926 2728 2155 2783 scribant
2175 2750 2245 2798 gu
2261 2771 2275 2794 ‚
2307 2728 2400 2784 sed
2429 2749 2525 2799 per
2553 2749 2587 2797 ς
2609 2724 2889 2795 simplicem
2907 2762 2922 2786 ,

1927 2811 2187 2874 tingebant
2197 2849 2213 2871 ‚
2244 2812 2490 2876 urgebant
2503 2848 2516 2870 ,
2543 2816 2595 2859 et
2617 2805 2710 2858 alia
2733 2803 2928 2871 hujus-

1927 2884 2133 2940 cemodi
2151 2925 2168 2952 ‚
2202 2886 2336 2940 sicut
2367 2897 2424 2939 et
2468 2884 2606 2939 Galli
2635 2882 2926 2937 scriberent.

1925 2965 2275 3017 Eua—Mum
2296 2969 2460 3035 genus
2478 2962 2720 3028 conche,
2744 2960 2882 3028 cujus
2898 2977 2925 3009 e

1924 3059 2077 3094 succo
2106 3040 2325 3096 Veteres
2368 3061 2662 3112 purpuram
2695 3038 2924 3094 conficie-

1924 3119 2053 3174 bant
2067 3160 2081 3186 ‚
2110 3132 2167 3176 et
2187 3141 2303 3191 quae
2318 3141 2485 3192 quum
2497 3122 2619 3176 alibi
2636 3161 2652 3189 ,
2670 3131 2782 3176 tum
2795 3119 2923 3187 juxta

1924 3201 2207 3260 Phocaeam,
2230 3201 2418 3254 urbem
2435 3200 2600 3253 loniae
2613 3200 2671 3253 in
2686 3199 2802 3253 sinu
2824 3215 2924 3248 ma·

1923 3278 1994 3331 ris
2017 3279 2391 3334 Mediterranei
2416 3281 2609 3333 intimo
2632 3279 2781 3332 sitam
2798 3316 2814 3344 ‚
2837 3295 2922 3329 re-

1923 3356 2238 3427 periebatur.
2270 3358 2474 3424 Livius,
2501 3357 2802 3415 xxxvn.
2822 3354 2895 3406 31.

1991 3454 2068 3493 ιο.
2089 3438 2369 3490 Occiderat.
2383 3434 2654 3490 Gebhard.
2671 3435 2757 3488 111
2768 3472 2785 3499 ,
2800 3430 2924 3485 Cre-

1924 3517 2086 3586 pund.
2103 3534 2188 3571 vn
2204 3558 2219 3585 ‚
2237 3537 2301 3572 ex
2315 3517 2478 3572 MSS-
2509 3518 2634 3587 legit
2654 3519 2918 3571 decuerat.

1924 3596 2045 3665 quia
2066 3597 2168 3651 hoc
2192 3598 2413 3651 verbum
2439 3597 2712 3668 eleganter
2737 3615 2832 3666 pro
2855 3613 2928 3647 oc·

1923 3679 2089 3729 cidere
2122 3677 2352 3746 ponitur.
2378 3676 2530 3746 Regii
2553 3675 2929 3730 nostri-habent

1925 3757 2193 3807 occiderat.
2681 3806 2687 3811 .

1995 3852 2070 3885 ιι.
2100 3835 2295 3902 AEqna,
2344 3831 2552 3903 aqualis
2593 3831 2846 3903 dignitate
2881 3840 2928 3882 et

1925 3927 2132 3979 genere.
2142 3937 2210 3950 —
2225 3912 2402 3981 Lsdas
2419 3911 2644 3965 correxit
2655 3909 2930 3964 Constant.

1922 3987 2145 4041 Fanens.
2180 3989 2302 4057 quia
2326 3991 2522 4060 lydius
2543 3990 2767 4059 primam
2784 3987 2929 4061 sylla·

1919 4066 2042 4119 bam
2054 4084 2263 4136 semper
2280 4067 2592 4137 productam
2606 4067 2792 4131 babet;
2816 4066 2924 4136 plu-

1919 4146 2040 4198 rimi
2060 4155 2238 4200 tamen
2262 4146 2426 4201 MSS.
2451 4146 2628 4213 (inter
2661 4165 2789 4215 qnos
2825 4145 2925 4197 Re-

1922 4225 2033 4294 gius
2057 4234 2237 4278 noster
2256 4222 2348 4293 Β)
2368 4223 2500 4278 dant
2528 4227 2740 4296 lydzirs.
2761 4225 2924 4295 Lydus

1922 4302 2043 4356 alias
2065 4322 2180 4357 non
2210 4304 2386 4357 minus
2411 4315 2692 4377 usurpatur
2722 4305 2776 4357 in
2808 4319 2924 4355 ser-
