3217 5134
570 554 1607 629 METAMORPHOSEON
1658 565 1852 632 LIB.
1901 566 2085 634 VII.

2267 569 2395 636 503

282 684 481 760 Plura
513 685 875 789 loquuturo
913 721 1061 766 cum
1092 693 1312 768 verbis
1346 713 1615 791 guttura
1653 697 1928 773 Colchis

283 802 620 893 Abstulit,
659 823 726 880 et
755 808 984 884 calidis
1017 801 1335 884 laniatum
1366 814 1599 887 mersit
1627 813 1875 888 ahenis.

376 922 459 992 V.
497 921 699 1016 Quod
738 924 869 999 nisi
900 927 1207 1026 pennatis
1237 928 1661 1030 serpentibus
1696 929 1857 1005 isset
1889 931 1960 1003 in
1995 955 2186 1007 auras
2211 987 2232 1023 ,
2306 954 2406 1006 350

283 1036 433 1109 Non
467 1056 720 1113 exemta
753 1040 926 1115 foret
957 1071 1168 1144 poenae
1195 1073 1213 1117 ε
1245 1044 1425 1141 fugit
1457 1043 1585 1120 alta
1605 1102 1625 1134 ,
1661 1074 1993 1149 superque

285 1150 514 1226 Pelion
552 1157 945 1232 umbrosum
966 1214 985 1246 ,
1022 1158 1483 1262 Philyreiaque
1518 1178 1725 1249 tecta,
1763 1191 2093 1264 superque

286 1266 551 1370 Othryn
571 1327 590 1360 ,
627 1289 695 1346 et
725 1291 963 1348 eventu
997 1276 1235 1350 veteris
1264 1276 1411 1351 loca
1438 1296 1600 1351 nota
1637 1279 1963 1353 Cerambi.

342 1444 455 1510 348.
494 1447 615 1498 Cum
638 1453 802 1502 verbelr
818 1456 1022 1518 guttura
1041 1456 1287 1518 abstuli&

278 1520 506 1575 resoluto
537 1535 747 1594 gutture
774 1529 981 1583 abstulit
1015 1531 1191 1584 verba.
1222 1557 1291 1574 -··

279 1599 548 1653 Laneiulum
561 1612 657 1656 etc.
675 1604 972 1674 Pausanias,
987 1613 1287 1678 κκτοαόψασα

280 1682 468 1746 ἰρῖσαι.
490 1681 621 1737 Inde
647 1687 894 1740 remansit
926 1707 994 1741 ne
1023 1688 1286 1742 tantillum

279 1759 493 1826 quidem
512 1800 528 1828 ,
555 1762 695 1831 quod
712 1765 991 1834 sepnhnro
1017 1766 1150 1821 tradi
1174 1783 1287 1838 pos-

276 1847 369 1890 set.
393 1837 587 1892 Noster
608 1840 825 1911 abrupte
849 1842 967 1897 finit
985 1845 1228 1899 fabulam.

341 1915 595 1986 350-397.
615 1920 783 1971 Jason
803 1937 925 1972 cum
942 1921 1127 1974 Medea
1149 1921 1291 1975 Iolco

278 2003 485 2047 exactus
521 1996 806 2049 Conamen
840 1998 988 2068 fugit.
1020 1999 1097 2052 lbi
1125 2019 1291 2068 quum

280 2069 464 2123 decem
486 2090 652 2125 annos
676 2074 905 2141 vixisset,
931 2075 1164 2128 Glaucen
1195 2076 1293 2129 du-

278 2147 349 2200 cit
365 2187 380 2212 ,
407 2147 655 2202 Creontis
674 2150 808 2219 regis
831 2150 1020 2215 filiam;
1046 2170 1150 2221 quo
1168 2154 1294 2205 Me·-

279 2223 380 2278 dea
400 2226 599 2279 offensa
619 2245 831 2280 veneno
851 2228 1086 2283 Glaucen
1109 2230 1297 2285 interi-

282 2304 409 2370 mit,
451 2322 673 2373 suosque
713 2305 847 2359 lilios
881 2307 1121 2360 trucidat.
1159 2308 1291 2361 Eam

281 2393 461 2436 autem
478 2383 703 2437 fabulam
730 2385 923 2438 Noster
932 2385 1160 2440 breviter
1175 2398 1296 2439 tan-

280 2476 398 2518 tum
413 2467 635 2536 attingit.
651 2466 1120 2538 Conser.Apollod.
1140 2469 1163 2522 1
1180 2507 1195 2536 ,
1211 2483 1289 2535 tx,

280 2546 371 2603 28.
400 2544 488 2598 ubi
512 2545 582 2598 illi
607 2545 669 2599 ab
692 2547 882 2600 Acasto
907 2556 958 2599 et
977 2546 1294 2600 lolrensibus

280 2623 701 2691 expellunturpet
716 2624 979 2696 Hyginus,
993 2624 1092 2677 sab.
1109 2627 1193 2691 25,
1211 2623 1293 2691 26,

278 2719 386 2768 quo
423 2711 633 2755 auctore
668 2702 831 2755 Jason
877 2712 1063 2773 sponte
1103 2705 1295 2756 Acasto

278 2779 439 2845 patris
462 2798 684 2849 regnum
706 2780 881 2834 tradit.
919 2779 1137 2833 Conser-
1163 2780 1295 2833 Dio-

278 2854 440 2910 dorus
454 2856 678 2921 Siculus,
698 2857 796 2922 IV,
816 2858 894 2923 34.
912 2857 1135 2910 Pausan.
1156 2858 1230 2922 ll,
1247 2858 1295 2910 3.

278 2933 557 2987 Tractarat
569 2935 680 2988 hec
696 2934 987 3003 Sophocles·
1002 2936 1057 2987 in
1083 2933 1295 2987 Colchi-

279 3009 447 3064 dibus.
483 3011 665 3063 Restat
701 3010 966 3079 Euripidis
999 3009 1211 3063 Medea.
1231 3036 1298 3049 —

283 3090 347 3142 ln
374 3089 565 3141 itinere
590 3088 806 3157 despicit
824 3088 935 3141 loca
958 3088 1152 3156 multa,
1179 3106 1298 3142 me-

282 3165 705 3236 tamorphosihns
750 3166 961 3219 nobilia.
1003 3165 1111 3219 Sed
1157 3175 1299 3220 totns

282 3243 369 3301 hic
392 3246 534 3299 locus
552 3244 701 3298 valde
725 3245 924 3298 vexavit
948 3244 1297 3313 Interpretes,

283 3320 715 3391 quandoquidem
740 3321 927 3375 fabula
943 3321 1041 3374 ine
1064 3321 1185 3374 satis
1202 3321 1299 3374 ob-

282 3417 451 3454 scurae
471 3411 609 3454 sunt.
635 3399 823 3469 Neque
844 3399 1038 3452 Medea
1061 3408 1203 3452 recta
1218 3399 1301 3452 via

282 3479 452 3544 volat,
482 3477 571 3531 sed
600 3478 744 3530 milvi
770 3479 934 3531 instar
954 3477 1169 3530 circinat
1194 3495 1299 3529 au-

284 3576 368 3612 ras
396 3579 412 3622 3
454 3557 554 3611 nisi
591 3557 657 3610 ad
700 3556 1051 3611 excusandum
1090 3566 1299 3626 poetam

283 3634 436 3689 malis
460 3635 634 3688 dicere
655 3673 670 3700 ,
703 3633 954 3687 Medeam
973 3653 1036 3687 ex
1053 3633 1157 3686 alto
1182 3644 1303 3687 tan-

287 3721 404 3765 tum
443 3712 623 3783 procul
661 3711 945 3782 despexisse
972 3711 1057 3766 illa
1088 3711 1213 3764 loca.
1236 3739 1302 3752 —

286 3793 561 3858 Penatis,-
586 3790 864 3844 claudian.
886 3790 1153 3856 XXXVI,
1177 3791 1269 3864 139
1284 3829 1300 3857 ,

287 3867 517 3923 Cibebes
537 3868 865 3938 serpentibus
890 3867 1071 3921 tribuit
1083 3873 1299 3936 pinnas,

287 3944 380 3997 ubi
397 3944 667 3997 Gesnerus
683 3955 868 3998 monet
885 3984 901 4010 ,
926 3944 1029 3998 hoc
1051 3961 1246 3998 nomen
1273 3962 1303 3997 a

276 4028 467 4085 penni-
492 4021 694 4091 origine
731 4032 787 4075 et
816 4041 912 4076 usu
945 4021 1304 4091 antiquissimo

288 4098 425 4153 sorte
453 4118 563 4153 non
590 4099 800 4154 differre
817 4139 832 4167 ,
863 4100 955 4155 sed
986 4101 1306 4169 Quintiliani

290 4188 445 4232 etate
492 4178 857 4249 grammaticos
898 4177 1177 4232 discrimen
1214 4180 1304 4232 sa-

1386 1473 1441 1507 se
1468 1473 1577 1507 non
1606 1454 1909 1525 simpliciter
1930 1455 2031 1510 hoc
2055 1455 2172 1510 loco
2190 1494 2205 1525 ,
2240 1455 2403 1510 dam-

1384 1551 1517 1587 naee
1528 1541 1786 1601 pennatos
1805 1545 2093 1604 serpentes.

1449 1611 1564 1666 351.
1582 1613 1734 1674 Aac
1761 1612 1818 1665 in
1843 1631 1991 1678 aere,
2019 1622 2078 1665 ut
2103 1611 2224 1667 alias
2238 1615 2401 1666 subli-

1384 1692 1496 1741 mis.
1509 1717 1576 1729 —
1600 1692 1777 1743 Pelion
1793 1729 1805 1741 .
1823 1728 1836 1742 .
1851 1730 1864 1744 .
1889 1694 2273 1761 Philyreiaque,-
2300 1710 2400 1743 ex·-

1382 1767 1570 1835 preoeit
1599 1768 1987 1836 Callimachus,
2035 1769 2240 1840 Hymn.
2282 1769 2401 1824 Del.

1390 1846 1524 1898 118:
1561 1849 1729 1908 Πήλιον
1764 1846 1802 1899 ὦ
1840 1850 2022 1919 φιλύρης
2057 1853 2292 1919 suppilat·
2339 1847 2402 1899 In

1389 1923 1533 1973 Pelio
1582 1932 1766 1974 monte
1808 1921 2021 1991 Jupiter
2055 1924 2408 1977 concubuerat

1389 2015 1517 2050 cum
1544 2002 1790 2070 Pmym,
1827 1999 1972 2053 unde
1999 2010 2156 2054 natus
2185 2000 2408 2055 Chiron.

1390 2102 1457 2115 —
1484 2076 1636 2147 Regii
1675 2078 1842 2130 nostri
1884 2076 2080 2131 habent
2116 2081 2408 2151 Philyram-

1390 2169 1484 2218 με
1507 2192 1520 2213 ,
1568 2172 1688 2222 quae
1731 2154 1883 2207 lectio
1928 2156 2256 2222 prastantior
2293 2155 2411 2225 jure

1391 2228 1497 2282 visa
1534 2242 1611 2284 est
1649 2230 1867 2285 Robert.
1907 2231 2159 2301 Stcphan.
2205 2253 2365 2303 quam
2393 2275 2407 2302 ,

1391 2308 1530 2376 quod
1574 2312 1751 2379 Gimgv
1788 2310 2005 2365 dederat
2027 2351 2043 2379 ,
2078 2315 2407 2384 Phc’lyreique.

1391 2386 1602 2441 Erravit
1613 2399 1752 2442 certe
1766 2389 1905 2441 idem
1927 2392 2113 2459 Gierig,
2131 2411 2294 2461 quum
2308 2391 2408 2448 hoc

1392 2462 1507 2516 loco
1532 2463 1721 2517 dixerit
1743 2485 1804 2518 ex
1824 2468 2108 2521 concubitu
2122 2472 2270 2522 Jom's
2283 2490 2405 2525 cum

1390 2539 1605 2613 Philyra
1621 2554 1806 2595 natum
1829 2543 1983 2597 fuisse
2006 2543 2242 2598 Chirona
2257 2569 2270 2611 ;
2287 2547 2408 2600 vide

1391 2635 1510 2686 quae
1532 2620 1755 2672 certiora
1772 2621 1825 2673 in
1843 2621 1977 2674 libro
1995 2622 2049 2676 11
2066 2661 2081 2688 ,
2103 2622 2228 2692 676:
2252 2633 2306 2675 et
2323 2622 2410 2676 hic

1392 2695 1673 2764 addemus,
1706 2696 2024 2764 Saturnum,
2061 2717 2226 2767 quum
2256 2698 2406 2753 Rhea

1390 2778 1585 2844 conjux
1595 2795 1721 2829 eum
1736 2777 1965 2848 Philyrae
1981 2777 2405 2831 adblandientem

1391 2853 1631 2917 vidisset,
1654 2853 1750 2906 sub
1773 2855 1944 2905 forma
1972 2855 2092 2922 equi
2119 2856 2404 2923 aufugisse3

1392 2940 1446 2982 et
1457 2929 1724 2999 Philyram
1739 2949 1835 2998 per
1846 2941 2054 2984 montes
2069 2931 2408 3002 Pelasgorum

1393 3008 1642 3060 erravisse
1658 3047 1673 3074 ,
1701 3006 1756 3059 in
1779 3008 1967 3075 quibus
1994 3007 2230 3062 Chirona
2255 3021 2408 3077 partu

1393 3083 1583 3148 edidit3
1606 3103 1712 3153 quo
1728 3096 1965 3138 monstro
1979 3085 2091 3139 viso
2104 3085 2409 3154 abhorrens,

1393 3160 1577 3229 petivit
1599 3180 1628 3213 a
1652 3161 1765 3214 Diis
1784 3172 1845 3214 ut
1862 3181 1956 3215 sua
1972 3163 2142 3216 forma
2163 3173 2409 3217 mutare·-

1395 3248 1516 3304 tur,
1554 3248 1608 3292 et
1643 3239 1859 3308 quidem
1882 3241 1938 3294 in
1968 3241 2134 3295 tiliam
2167 3242 2408 3295 arborem

1392 3316 1494 3370 suit
1524 3327 1741 3370 mutata.
1766 3319 1866 3369 Ed.
1894 3345 1962 3359 -
1988 3321 2242 3382 Euentus,
2289 3320 2410 3371 sor-

1398 3403 1558 3458 tuna;
1597 3395 1699 3448 hoc
1736 3394 1852 3449 loco
1883 3397 2133 3462 mutatio;
2161 3397 2212 3449 X
2231 3435 2246 3462 ,
2276 3398 2410 3464 600,

1393 3479 1569 3525 euentu
1583 3474 1823 3540 juvenum
1845 3479 2108 3528 deterritus
2122 3515 2136 3537 ,
2164 3475 2378 3528 interitu
2398 3496 2413 3538 ς

1400 3550 1536 3604 xlll
1550 3590 1566 3617 ,
1585 3551 1685 3603 506
1696 3589 1711 3617 ,
1726 3553 2324 3621 Evenluquegmmfim'la
2338 3558 2418 3604 est

1387 3631 1598 3696 publica
1632 3632 1806 3682 clades
1822 3670 1836 3691 ,
1884 3630 2098 3683 excidio.
2121 3658 2188 3670 —
2222 3632 2414 3684 Veteris

1401 3709 1658 3774 Cerambi5
1685 3709 1804 3777 qnia
1821 3709 2155 3764 Deucalionis
2177 3719 2412 3779 tempore

1397 3785 1597 3838 vixerit.
1607 3787 1839 3839 Auctore
1854 3787 2119 3841 Nicandro
2136 3787 2271 3858 apud
2285 3788 2414 3840 An-

1399 3865 1646 3917 toninum
1672 3865 1844 3919 Liber.
1870 3887 1931 3918 υ
1948 3905 1963 3933 ,
2005 3869 2276 3919 Terambas
2295 3906 2308 3929 ,
2348 3863 2412 3918 ad

1401 3941 1594 4011 pedem
1624 3945 1843 4012 Othtyos
1867 3945 2090 4011 montis,
2118 3964 2147 3997 a
2171 3944 2417 4014 Nymphis

1396 4020 1539 4073 iratis
1552 4020 1607 4072 in
1624 4020 1940 4074 scarabeum
1954 4022 2309 4091 cornigerum,
2323 4020 2414 4089 qui

1399 4098 1596 4151 Grecis
1626 4103 1880 4151 cemmhit
1916 4096 2106 4152 dicitur
2124 4137 2139 4165 ,
2175 4108 2410 4151 mutatus

1399 4186 1493 4231 est.
1518 4176 1596 4229 Ibi
1613 4216 1630 4243 ,
1652 4177 1762 4230 sine
1779 4175 1939 4229 dubio
1959 4216 1975 4244 ,
2001 4176 2125 4229 utin
2143 4176 2375 4230 hocloco
2392 4214 2408 4241 ,

290 4275 409 4311 cere
426 4259 656 4328 coepisse,
670 4263 953 4326 pinnasque
964 4257 1202 4311 tribuisse
1217 4256 1309 4311 alis
1404 4258 1678 4310 Cemmbus
1699 4255 1980 4326 legendum
2004 4267 2117 4326 est,
2153 4255 2294 4327 quod
2316 4255 2416 4309 do·-

292 4337 559 4405 majorum
588 4337 761 4390 avium
785 4347 841 4390 et
863 4337 1113 4406 piscibus:
1135 4336 1307 4405 itaque

1402 4346 1488 4390 cet
1512 4355 1611 4388 vox
1632 4339 1899 4390 cerambis.
