3217 5134
769 544 909 638 374·

1303 544 1380 609 P.
1457 543 1821 610 OVIDII
1878 541 2340 611 NASONIS

767 682 955 765 Talia
991 683 1274 774 dicenti,
1308 712 1527 786 neque
1559 710 1751 771 eum,
1788 709 1987 785 quem
2017 711 2176 758 voce
2215 684 2500 781 rogabat
2520 743 2540 774 ,

769 800 1126 902 Respicere
1161 800 1474 891 audenti,
1506 828 1544 867 ἀ
1577 799 1823 899 Quod,
1860 801 1986 889 ait,
2025 800 2446 877 timidissime
2479 803 2744 879 Phineu
2765 860 2784 894 ,

769 950 807 983 ³>
846 919 939 990 Et
970 946 1246 1018 possum
1281 917 1629 1004 tribuisse,
1668 933 1737 992 et
1767 944 2085 1051 magnum
2117 945 2366 992 munus
2399 919 2596 993 inerti
2628 938 2771 1010 est,
2809 941 2898 995 225

775 1069 811 1100 »
848 1036 1032 1110 Pone
1064 1054 1349 1123 metum,
1387 1035 1727 1109 tribuam.
1762 1031 1954 1108 nullo
1982 1010 2315 1109 violabere
2347 1035 2547 1110 ferro.

769 1184 809 1218 2»
851 1151 1036 1249 Quin
1074 1153 1272 1226 etiam
1299 1179 1608 1225 mansura
1638 1150 1816 1225 dabo
1849 1168 2284 1225 monumenta
2315 1178 2438 1252 per
2461 1180 2710 1241 aevum3

776 1301 810 1334 ι»
848 1270 1062 1370 lnque
1096 1267 1297 1343 domo
1328 1267 1540 1342 soceri
1574 1295 1838 1368 semper
1868 1266 2252 1368 spectabere
2285 1268 2500 1342 nostri
2519 1323 2540 1358 ,

771 1421 811 1453 κ
849 1389 947 1461 Ut
980 1417 1124 1463 mea
1157 1416 1226 1461 se
1262 1385 1495 1488 sponsi
1532 1384 1789 1461 soletur
1819 1383 2106 1480 imagine
2137 1385 2402 1484 conjux.
2437 1417 2473 1451 ιο

765 1504 959 1578 Dixit
986 1535 1001 1579 ε
1033 1523 1099 1578 et
1131 1505 1200 1578 in
1235 1521 1493 1606 partem
1527 1500 1950 1603 Phorcynida
1980 1499 2325 1574 transtulit
2357 1499 2539 1574 illam
2556 1557 2577 1588 ,

2815 1524 2900 1576 23⁰

763 1619 876 1693 Ad
914 1649 1109 1720 quam
1146 1648 1216 1694 se
1252 1619 1516 1721 trepido
1550 1617 1852 1692 Phineus
1884 1615 2263 1689 obverterat
2297 1643 2430 1689 ore.

772 1737 963 1810 Tunc
1000 1764 1265 1838 quoque
1292 1735 1561 1809 conanti
1598 1762 1718 1808 sua
1747 1732 2008 1806 flectere
2036 1729 2286 1804 lumina
2308 1786 2328 1817 ,
2363 1730 2582 1804 cervix

767 1852 1067 1949 Diriguit
1092 1911 1111 1941 ,
1150 1881 1442 1954 saxoque
1474 1850 1825 1927 oculorum
1857 1847 2160 1922 induruit
2193 1846 2459 1921 humor.

773 1970 904 2043 Sed
938 1989 1153 2045 tamen
1191 1999 1268 2044 os
1304 1969 1648 2053 timidum,
1684 1966 2044 2066 vultusque
2077 1965 2149 2037 in
2180 1992 2506 2040 marmore
2538 1963 2855 2066 supplex,

774 2086 1268 2188 Submissaeque
1299 2113 1537 2159 manus
1556 2139 1576 2173 ,
1619 2082 1950 2183 faciesque
1988 2080 2284 2155 obnoxia
2319 2081 2586 2154 mansit.

2812 2098 2896 2154 235

870 2206 956 2276 ΙΙ.
997 2204 1232 2277 Victor
1264 2200 1677 2276 Abantiades
1712 2198 1968 2302 patrios
2005 2226 2159 2272 cum
2191 2197 2475 2296 conjuge
2507 2222 2743 2272 muros

775 2323 1026 2410 Intrat,
1062 2339 1128 2395 et
1164 2319 1474 2394 immeriti
1515 2318 1757 2392 vindex
1791 2316 2103 2417 ultorque
2137 2315 2437 2416 parentis

762 2529 942 2590 μηνίει
961 2531 1059 2574 etc.
1084 2520 1209 2572 AEn.
1234 2519 1378 2584 XII,
1404 2522 1659 2573 sinebam:
1675 2524 1795 2572 ani-

769 2620 900 2652 mam
923 2605 976 2650 et
995 2617 1221 2650 ωηεν-ενι
1234 2600 1509 2663 precantes.

838 2681 947 2731 225.
968 2679 1251 2744 Elpossunr
1263 2679 1512 2737 tribuisse,
1527 2685 1628 2728 ete.
1647 2676 1794 2729 Len-

770 2757 876 2811 zius
910 2756 1235 2826 inter-pungit
1268 2765 1384 2825 post
1406 2774 1651 2822 ροσε-επις
1688 2760 1793 2807 tn·-

769 2838 936 2887 baisse
982 2843 1158 2886 autem
1201 2832 1478 2904 conjungit
1519 2852 1642 2886 eum
1683 2853 1792 2902 seq.

769 2929 1070 2980 quanquam
1088 2928 1195 2963 non
1205 2922 1385 2981 negat,
1398 2914 1632 2964 tn‘buclrse
1644 2930 1791 2980 posse

768 2992 880 3060 capi
905 3011 1001 3060 pro
1026 2994 1250 3045 tribuere.
1278 2991 1399 3045 Hoc
1420 2992 1557 3045 forte
1586 2991 1793 3045 melius.

774 3070 962 3122 Horat.
979 3068 1042 3121 A.
1061 3069 1121 3122 P.
1136 3077 1342 3135 poteras
1355 3071 1570 3129 deluit-se,
1600 3068 1792 3122 dicere.

774 3146 844 3201 Et
859 3147 932 3199 ita
954 3147 1237 3214 passim.—-
1258 3148 1465 3200 Ulmea.
1488 3145 1672 3200 Codex
1689 3147 1791 3200 Re-

771 3227 886 3297 gius
908 3226 953 3279 13
971 3265 986 3290 ,
1013 3232 1067 3277 e!
1083 3244 1210 3278 mea.
1233 3254 1301 3269 -
1335 3227 1408 3278 Ut
1423 3244 1537 3279 ma
1557 3244 1616 3279 se
1636 3245 1795 3294 spon—-

769 3311 928 3358 stete.
946 3305 1177 3358 Temere
1192 3304 1293 3358 hoc
1306 3304 1543 3358 additum
1559 3327 1574 3368 ;
1589 3307 1793 3359 etenim

775 3382 1119 3439 Andromeda
1150 3402 1274 3436 mox
1302 3383 1635 3452 relinquebat
1667 3404 1792 3438 cum

771 3462 968 3517 Perseo
991 3473 1266 3531 paternam
1296 3459 1533 3513 domum.

836 3546 951 3598 230.
980 3546 1304 3597 Phora-imula.
1322 3541 1526 3597 -Codex
1549 3543 1593 3596 B
1622 3583 1637 3611 ‚
1684 3546 1793 3597 Ce—

763 3626 955 3691 pheida
970 3664 981 3676 .
1010 3634 1066 3676 et
1088 3623 1141 3674 in
1170 3623 1407 3693 margine
1426 3662 1441 3689 ,
1467 3624 1556 3675 vel
1572 3625 1789 3677 Phorci-

774 3702 912 3752 m‘da.
956 3698 1249 3771 Phorcynie
1275 3738 1291 3766 ,
1335 3697 1561 3754 Medusa
1596 3698 1791 3752 Phorci

768 3776 891 3831 fllia.
922 3779 1023 3829 Ed.

837 3857 951 3910 235.
966 3857 1235 3909 Submisse
1246 3896 1257 3914 ‚
1288 3855 1554 3925 supplices.
1577 3854 1789 3925 Cicero,

768 3954 868 4008 pro
894 3935 1072 3990 Plane.
1111 3955 1172 3989 ιο
1204 3953 1217 3987 :
1239 3938 1465 3987 tribubus
1485 3955 1563 3988 ne
1581 3938 1801 3988 snbwkl

767 4021 823 4068 e!
831 4017 1127 4080 supplicavi.
1150 4039 1218 4053 —-
1238 4013 1499 4066 Obmaeins
1513 4030 1656 4067 nunc
1671 4032 1793 4084 pro·

772 4091 884 4161 prie
895 4130 911 4157 ,
929 4091 1018 4159 qui
1032 4090 1271 4144 conscius
1286 4091 1381 4144 sibi
1396 4090 1545 4145 mala
1556 4092 1636 4144 rei
1651 4090 1793 4145 cedit

773 4168 921 4222 alteri
947 4188 960 4220 :
982 4169 1083 4222 vid.
1112 4171 1265 4224 Pan-ei
1291 4170 1459 4225 Lexic.
1477 4172 1588 4225 crit.
1615 4171 1716 4225 hoe
1739 4190 1790 4223 v.

838 4245 1086 4319 αδδ-249.
1102 4250 1314 4302 Perseus
1328 4268 1452 4302 cum
1466 4251 1794 4302 Andromeda

764 4324 826 4379 in
849 4325 1073 4396 patriam
1097 4327 1235 4381 redit
1249 4366 1266 4395 ,
1301 4339 1459 4398 atque
1480 4333 1706 4384 Prema
1736 4341 1792 4384 et

1892 2520 2195 2589 Polydecten
2215 2516 2273 2570 in
2294 2536 2413 2571 saxa
2427 2519 2705 2572 convertit.
2719 2546 2784 2560 —-
2804 2519 2900 2570 Pe·

1889 2601 2015 2648 tn'os
2027 2615 2208 2648 muros.
2229 2594 2414 2649 Codex
2442 2596 2892 2665 Leidensis,fites.

1890 2684 1946 2728 et
1966 2690 2064 2745 pro
2084 2676 2226 2728 varia
2249 2675 2475 2730 lectione
2493 2714 2511 2743 ,
2535 2682 2719 2744 portus.
2748 2673 2900 2745 Regii

1892 2756 2058 2810 nostri
2078 2796 2095 2823 ,
2135 2775 2316 2810 muros.
2338 2784 2407 2797 --
2423 2759 2596 2810 Palm·
2612 2761 2757 2819 muti,
2782 2754 2903 2808 urbe

1894 2835 2093 2905 Argos,
2113 2853 2271 2904 quam
2285 2874 2301 2901 ,
2323 2834 2420 2888 etsi
2445 2835 2661 2888 tenebat
2674 2835 2871 2888 Proetus
2887 2869 2901 2897 ,

1893 2904 2071 2968 tamen
2091 2915 2288 2967 intrare
2307 2916 2536 2969 Perseus
2549 2925 2770 2985 poterat.
2790 2914 2899 2968 Non

1890 2996 2050 3066 igitur
2079 3005 2218 3062 erat,
2267 3014 2364 3050 cur
2395 2995 2744 3049 Burmannus
2769 3011 2900 3064 prt-

1888 3073 2198 3143 serretfines
2220 3083 2312 3125 aut
2324 3080 2519 3138 portus.
2534 3101 2605 3115 --
2633 3075 2757 3128 Cau
2782 3090 2902 3126 m·-

1875 3150 2007 3217 juge
2021 3190 2035 3211 ,
2079 3148 2442 3203 Andromeda.
2471 3152 2573 3204 Ed.

1956 3227 2067 3297 ²37·
2104 3229 2182 3279 Et
2225 3232 2465 3280 ι’ωιησηῖἱ
2508 3238 2613 3282 etc.
2667 3224 2902 3281 Heinsius

1890 3324 1953 3359 ex
1975 3307 2228 3377 Naugerii
2252 3306 2416 3361 MSS.
2451 3305 2603 3360 dedit
2623 3312 2902 3365 &nutrite

1889 3393 1950 3436 nt
1963 3403 2154 3451 pamas
2181 3384 2266 3438 hic
2293 3385 2361 3438 sit
2392 3382 2617 3448 Danae;
2662 3403 2778 3454 quo
2806 3399 2904 3451 qno

1887 3464 2005 3534 jure
2032 3464 2236 3518 dicatur
2254 3470 2538 3526 emeda,
2568 3476 2628 3518 et
2653 3482 2809 3535 quam
2826 3462 2904 3514 in-

1888 3544 2081 3611 iuriam
2120 3544 2169 3597 ei
2217 3564 2247 3597 a
2288 3546 2470 3598 Proeto
2497 3544 2708 3598 illatam
2746 3539 2906 3596 uid-ei

1889 3621 2118 3675 voluerit
2130 3622 2384 3689 Perseus,
2410 3640 2524 3675 non
2549 3621 2784 3676 invenio.
2801 3620 2906 3671 Ve-

1887 3718 2012 3753 rum
2053 3699 2194 3752 baud
2225 3699 2385 3754 dubie
2420 3697 2553 3751 vidit
2595 3695 2904 3753 Laetam-in

1891 3775 2114 3846 Argum.
2136 3775 2276 3829 hane
2296 3775 2528 3830 fabulam
2549 3814 2566 3844 ,
2593 3776 2690 3847 qui
2705 3795 2800 3845 per
2810 3790 2905 3841 μ·

1886 3863 2102 3917 mntem,
2136 3874 2295 3909 avum
2329 3855 2592 3910 Acrisium
2626 3853 2905 3924 intelligit,

1890 3952 2051 4002 quein
2081 3934 2242 3987 etiam
2265 3939 2598 3996 thaeum,
2644 3953 2756 3987 non
2776 3932 2906 3985 bene

1888 4014 1955 4068 de
1979 4015 2177 4069 Peneo
2199 4016 2455 4070 meritum
2492 4018 2652 4083 (amn
2666 4012 2907 4069 enimin-

1887 4093 2091 4148 dmm
2118 4095 2312 4149 Persea
2337 4112 2462 4148 cum
2489 4104 2664 4148 natm
2686 4093 2745 4146 in
2767 4106 2905 4144 mare

1887 4173 2254 4244 proiecerat),
2280 4179 2565 4237 which-m,
2585 4175 2644 4227 in
2657 4187 2903 4243 regnum.

1888 4271 1996 4320 quo
2018 4254 2195 4324 pulsus
2221 4274 2252 4307 a
2274 4255 2436 4309 fratre
2461 4265 2612 4323 erat,
2638 4251 2907 4308 restituere

1887 4330 2128 4388 voluerit.
2152 4331 2369 4389 Rectius
2397 4343 2583 4388 tamen
2617 4333 2907 4387 inm
