3217 5134
592 511 1643 585 METAMORPHOSEON
1687 515 1887 585 LIB.
1938 517 2126 587 VII.

296 658 422 730 Est
454 655 559 728 via
592 653 858 729 declivis
882 712 901 745 ,
930 683 1050 757 per
1079 684 1279 757 quam
1307 655 1702 758 Tirynthius
1733 657 1933 732 heros

300 773 682 845 Restantem
701 827 720 859 ,
758 789 1121 874 contraque
1155 771 1326 846 diem
1355 771 1711 873 radiosque
1743 771 2059 847 micantes

302 886 781 989 Obliquantem
818 887 1048 962 oculos
1071 945 1090 978 ‚
1124 888 1311 963 nexis
1347 885 1687 962 adamante
1722 885 1966 961 catenis
1988 943 2007 978 ,

306 1000 649 1075 Cerberon
685 1001 1008 1076 'abstraxit
1028 1058 1048 1092 ,
1076 1003 1308 1077 rabida
1345 1002 1461 1103 qui
1487 1004 1786 1077 concitus
1815 1003 1912 1077 ira

300 1115 609 1217 Implevit
638 1118 1124 1218 pariter‘ternis
1151 1118 1503 1193 latratibus
1538 1144 1774 1205 auras;

297 1234 391 1306 Et
423 1232 669 1333 sparsit
698 1232 939 1308 virides
973 1235 1229 1336 spumis
1264 1232 1645 1308 albentibus
1678 1260 1892 1328 agros.

2319 1256 2419 1326 4¹⁵

300 1349 442 1423 Has
475 1377 819 1424 concresse
850 1367 1129 1451 putant,
1164 1368 1520 1451 nactasque
1554 1345 1863 1423 alimenta
1895 1347 2125 1424 feracis

222 1501 235 1518 «
300 1465 725 1566 Fecundique
761 1465 922 1552 soli,
957 1465 1130 1540 vires
1161 1464 1411 1566 cepisse
1440 1463 1725 1538 nocendi
1756 1493 1773 1551 ;

304 1586 476 1680 Quae
499 1639 518 1672 ‚
558 1583 714 1685 qnia
745 1600 1109 1658 nascuntur
1144 1582 1311 1657 dura
1342 1581 1587 1656 vivacia
1620 1598 1807 1655 caute
1833 1638 1852 1669 ‚

302 1700 618 1796 Agrestes
650 1701 909 1775 aconita
935 1718 1174 1774 vocant
1203 1728 1219 1771 ε
1248 1725 1321 1774 ea
1351 1696 1654 1797 conjugis
1683 1712 1830 1770 astu

305 1815 458 1916 Ipse
493 1844 732 1917 parens
764 1817 1016 1912 AEgeus
1048 1834 1207 1890 nato
1239 1815 1568 1916 porrexit,
1596 1830 1676 1885 ut
1700 1810 1900 1884 hosti.

308 1930 648 2006 Sumserat
674 1931 901 2028 ignara
924 1932 1224 2005 Theseus
1260 1930 1414 2005 data
1446 1927 1687 2031 pocula
1724 1927 1990 2016 dextra3

310 2047 540 2143 Quum
570 2064 756 2148 pater
787 2049 860 2121 in
894 2046 1132 2148 capulo
1170 2045 1373 2141 gladii
1404 2043 1717 2142 cognovit
1749 2043 2006 2117 eburno

311 2162 515 2258 Signa
550 2163 654 2236 sui
688 2161 943 2259 generis
962 2217 981 2250 ,
1013 2160 1400 2264 facinusque
1429 2160 1717 2236 excussit
1751 2160 1835 2235 ab
1872 2186 2006 2233 ore.

313 2277 575 2375 Effugit
604 2277 716 2352 illa
748 2306 973 2355 necem
991 2333 1010 2366 ‚
1045 2277 1311 2352 nebulis
1340 2305 1459 2379 per
1489 2275 1775 2350 carmina
1807 2275 2030 2350 motis.

372 2484 488 2549 ⁴¹⁰·
503 2482 606 2535 Es!
611 2486 700 2535 via
714 2484 936 2535 declivis.
955 2479 1205 2536 Heinsius
1215 2478 1327 2534 hoc

315 2559 389 2613 sic
410 2557 665 2612 mutanda
691 2560 962 2625 censebat,
996 2561 1060 2612 In
1074 2559 1323 2629 Παγα-

314 2639 467 2700 dim's,
492 2636 654 2690 vella
667 2639 1016 2708 persuadebis,
1046 2636 1184 2707 apud
1199 2655 1329 2706 quos

314 2722 551 2770 aconiton
573 2717 880 2772 naecebatur
909 2736 923 2771 ε
952 2717 1293 2772 Burmannus
1310 2754 1327 2784 ,

317 2795 363 2848 si
384 2794 510 2865 quid
536 2794 851 2849 mutandum
874 2806 1007 2849 esset
1023 2835 1038 2862 ,
1064 2796 1333 2865 preferret

319 2874 478 2941 prius.
489 2899 557 2913 -
569 2872 722 2925 Mera
739 2873 1040 2939 conjectura
1060 2890 1177 2941 quie
1188 2869 1333 2924 nullo

325 2947 522 3003 Codice
547 2948 803 3002 firmatur.
816 2950 916 3002 Ed.
930 2976 997 2989 —
1012 2951 1304 3001 Restaaelem
1314 2986 1330 3010 ‚

322 3028 655 3081 resistentem
671 3065 686 3093 ,
706 3046 805 3080 nec
817 3027 933 3080 loco
947 3025 1132 3081 cedere
1151 3025 1336 3079 volen-

326 3116 453 3160 tem.
491 3106 615 3159 Non
650 3104 786 3158 male
819 3103 1039 3158 Cerberi
1065 3103 1337 3158 reluctatio

326 3182 726 3237 describitur.—
738 3186 1084 3251 Obliquanlen
1099 3222 1112 3243 ,
1136 3181 1188 3234 in
1208 3180 1339 3234 obli-

327 3281 490 3330 quam
509 3272 713 3333 partem
735 3271 1087 3330 torquentem.
1108 3259 1243 3313 Vide
1271 3257 1337 3312 ad

330 3339 440 3394 XI!
454 3380 469 3406 ,
497 3341 608 3408 486.
631 3367 698 3381 —
720 3342 878 3392 Nes-125
903 3349 1001 3393 etc.
1022 3347 1204 3393 eatena
1223 3339 1340 3391 ser-

328 3436 437 3473 rea.
451 3445 519 3460 --
531 3419 805 3471 Abs-traxit
823 3417 1047 3470 restituit
1071 3415 1339 3482 Heinsius,

332 3496 455 3563 quia
465 3496 684 3549 verbum
695 3495 928 3549 solemne
940 3493 993 3547 in
1005 3493 1101 3546 hac
1113 3511 1171 3545 re
1186 3513 1201 3555 ς
1223 3491 1342 3544 vul-

333 3591 420 3642 go,
434 3579 664 3627 attmte't.
674 3601 741 3613 —
750 3574 925 3625 Tenus
934 3574 1221 3636 latratibus,
1240 3570 1339 3637 lv,

333 3655 524 3720 4⁵⁰³-
542 3654 740 3704 Virides
756 3653 1054 3709 albentibus,
1084 3658 1143 3701 ut
1161 3648 1215 3715 1,
1237 3668 1253 3700 ι
1269 3668 1345 3700 12.

401 3731 512 3797 416.
556 3733 673 3783 Has
706 3747 965 3784 concresse
996 3734 1183 3796 putant
1195 3767 1209 3790 ,
1245 3735 1343 3779 etc.

337 3807 495 3864 Cous.
510 3810 734 3875 Plinius,
750 3808 936 3863 XXVI
951 3848 967 3875 ,
990 3809 1037 3861 3.
1056 3799 1342 3868 concresse,

333 3905 527 3956 nempe
564 3888 620 3940 in
655 3905 844 3957 corpus
881 3885 1071 3955 plante
1103 3883 1344 3938 solidum.

337 3963 435 4019 Eat
467 3984 594 4035 ergo
629 3963 1077 4035 metamorphosis.
1100 3990 1166 4004 -—
1192 3965 1347 4016 Dure

335 4050 509 4097 cantes
534 4042 728 4097 Graecis
750 4043 1017 4109 dicuntur,
1042 4044 1215 4097 ιἀὅκιι.
1238 4042 1344 4095 Ni·-

337 4120 534 4176 cander
560 4121 703 4175 Alex.
728 4135 860 4174 xur.
881 4119 997 4178 sect
1013 4118 1350 4189 Theophras-

342 4208 421 4254 tes
434 4238 449 4266 ,
467 4200 518 4253 d.
535 4199 567 4252 l.
583 4200 647 4253 ab
666 4199 878 4265 Aeonis,
890 4198 1350 4272 Peryandinorum

344 4280 458 4334 vico
476 4318 491 4346 ,
516 4279 565 4333 ei
590 4295 786 4333 nomn
812 4278 1112 4347 impositum
1128 4287 1292 4347 putat.

1490 2481 1603 2546 4²¹·
1628 2480 1774 2533 Data
1794 2481 2000 2547 pocula.
2033 2476 2216 2533 Codex
2241 2478 2434 2550 Regius

1422 2558 1470 2613 Β
1483 2556 1640 2612 habet
1654 2577 1807 2611 sacra
1810 2562 2013 2627 pocula,
2033 2578 2061 2611 a
2077 2557 2245 2628 prima
2261 2569 2440 2613 manu.

1431 2637 1591 2704 Qum
1606 2643 1759 2705 pater
1772 2648 1872 2692 etc.
1901 2636 2151 2691 Gladium
2176 2647 2233 2690 ut
2256 2648 2437 2691 osten-

1425 2726 1562 2770 taret
1584 2714 1820 2769 Theseus
1835 2755 1850 2783 ,
1876 2715 2106 2768 cultrum
2130 2714 2306 2769 eduxit
2327 2736 2441 2769 car-

1427 2813 1524 2848 nes
1561 2794 1814 2862 appositas
1851 2793 2176 2848 dissectum.
2223 2793 2441 2848 Plutar—

1430 2869 1557 2923 chus
1579 2910 1593 2935 ,
1629 2872 1686 2922 in
1723 2869 1881 2923 Thes.
1920 2890 1993 2923 η.
2026 2868 2215 2922 Gladio
2232 2908 2247 2936 ,
2284 2879 2407 2942 εἰμι
2425 2911 2441 2937 ,

1431 2949 1707 3018 adjunctus
1724 2950 1833 3003 sere
1858 2960 1972 3003 erat
1993 2949 2178 3022 culter,
2193 2951 2440 3021 μάχαιραι

1433 3028 1722 3094 Homerus,
1739 3027 1797 3081 ll.
1813 3037 1869 3094 Γ,
1890 3047 1949 3096 ²7
1960 3048 1978 3079 ι
1989 3066 2001 3079 .
2012 3027 2057 3078 Ε
2070 3028 2228 3097 signis
2241 3029 2447 3097 generis

1430 3105 1541 3172 sui,
1559 3124 1676 3175 qun
1691 3102 1927 3159 Theseus
1940 3144 1954 3171 ,
1980 3123 2128 3158 more
2147 3106 2407 3158 Veterum
2426 3147 2441 3172 ,
2501 3163 2514 3181 x

1431 3184 1488 3238 in
1511 3182 1696 3254 capulo
1719 3184 1971 3253 gestabat,
2002 3183 2232 3253 agnoscit
2259 3183 2441 3240 filium.

1437 3261 1577 3331 Qut
1598 3262 1797 3315 suerint
1815 3261 1898 3314 illa
1917 3267 2090 3330 εἷμα,
2115 3273 2300 3339 πατρῶα
2325 3270 2449 3334 σύμ-

1436 3345 1568 3405 6ολα,
1586 3349 1645 3392 ut
1657 3339 1725 3392 ait
1744 3338 2054 3393 Plutarchus
2067 3378 2083 3405 ,
2100 3357 2210 3391 non
2228 3351 2446 3393 constat.

1435 3417 1690 3472 Nonnulli
1700 3417 2001 3487 simpliciter
2013 3416 2240 3487 gladium
2258 3418 2310 3471 in
2318 3420 2450 3473 telli-

1437 3506 1566 3566 gunt
1585 3514 1743 3566 quem
1756 3494 1954 3565 AEgeus
1974 3496 2070 3549 suh
2086 3515 2212 3549 saxo
2226 3497 2447 3552 abscon-

1437 3575 1642 3629 diderat
1664 3614 1681 3641 ,
1720 3584 1778 3629 ut
1810 3575 2046 3630 Theseus
2085 3575 2290 3631 adultus
2320 3597 2448 3631 eum

1435 3651 1559 3707 inde
1576 3652 1800 3720 tolleret,
1815 3672 1984 3723 eoque
1994 3653 2276 3709 instructus
2289 3655 2450 3709 Athe·

1438 3750 1532 3785 nas
1566 3731 1799 3795 veniret3
1832 3728 1935 3783 vid.
1965 3731 2228 3786 Meursius
2242 3771 2257 3799 ,
2288 3733 2447 3787 Thes.

1438 3828 1549 3880 cap.
1567 3809 1599 3861 3
1617 3849 1633 3877 ,
1660 3819 1715 3863 et
1738 3809 1866 3880 Reg.
1893 3809 2003 3863 Au.
2030 3811 2110 3865 111
2127 3850 2142 3877 ,
2175 3814 2451 3865 1.—Fac1·-

1438 3906 1549 3948 nus,
1581 3886 1827 3956 poculum
1843 3898 2164 3941 venenatum
2182 3927 2198 3955 ,
2214 3888 2355 3956 quod
2371 3890 2452 3943 sa-

1440 3965 1678 4018 cinorosa
1693 3963 1886 4017 Medea
1901 3974 2256 4033 paraverat.-—
2272 3965 2353 4019 Eo
2366 3986 2450 4018 ex·

1440 4061 1603 4103 casso,
1622 4053 1804 4113 erepto
1828 4042 1995 4095 abore
2011 4082 2026 4109 ,
2036 4040 2251 4108 sace'aus
2269 4043 2453 4113 prohi-

1441 4121 1611 4174 bitum
1635 4131 1726 4174 est.
2151 4145 2162 4156 ·

1508 4203 1619 4267 424„
1644 4198 1852 4267 Effusi!
1870 4201 1979 4251 tua.
2013 4191 2233 4271 Ausugst
2259 4201 2453 4256 Medea

1443 4294 1567 4331 cum
1588 4276 1756 4332 Medo
1770 4275 1897 4345 filio,
1924 4295 2082 4346 quem
2100 4297 2162 4332 ex
2179 4277 2348 4350 AEgeo
2359 4298 2455 4349 pe-
