3217 5134
556 563 691 634 DE
739 560 1079 632 OPERE
1124 558 2200 632 METAMORPHOSEON.
2367 573 2464 657 axj

477 711 837 799 Ponderibus
871 712 1071 773 librata
1097 711 1216 774 suis
1244 736 1265 773 r
1288 700 1396 773 nec
1425 711 1652 773 brachia
1679 710 1862 796 longo

471 815 736 898 Margine
762 806 1042 875 terni-um
1071 822 1395 896 porrexerat
1422 811 1795 894 Amphitrite.

306 968 442 1044 Sed
476 984 712 1069 postea
745 967 932 1041 Deus
960 965 1160 1065 jussit
1167 965 1350 1066 freta
1383 964 1689 1065 diffundi,
1746 964 2087 1066 rabidisque
2135 980 2458 1040 tumescere

310 1100 516 1173 ventis
535 1159 551 1182 ‚
601 1097 859 1171 extendi
886 1125 1131 1205 car-apos
1152 1157 1171 1183 ,
1206 1096 1515 1171 subsidere
1553 1097 1755 1171 valles
1770 1156 1791 1182 ,
1876 1095 2184 1199 lapidosos
2220 1126 2460 1199 surgere

303 1243 560 1303 montes.
597 1227 817 1302 Multa
846 1256 926 1301 ex
950 1227 1083 1301 hoc
1122 1256 1359 1324 genere
1386 1227 1715 1324 insignia,
1752 1228 1906 1317 XV,
1933 1228 2006 1301 in
2038 1226 2303 1330 placitis
2330 1229 2463 1330 Py-

302 1360 639 1456 thagorae3
664 1358 780 1434 sed
807 1389 943 1462 prae
968 1361 1217 1436 caeteris
1244 1361 1508 1450 eminet,
1527 1358 1825 1449 200-13‚
1846 1358 2040 1435 locus
2061 1360 2142 1434 de
2168 1378 2460 1463 quatuor

305 1492 468 1567 anni
510 1492 857 1594 partibus,
893 1490 1141 1593 quibus
1179 1493 1563 1568 suavissime
1609 1493 1907 1568 hominis
1953 1494 2276 1569 attributa
2309 1494 2461 1570 data

305 1641 486 1699 sunt.
518 1624 769 1726 *Aperit
795 1652 1042 1698 annum
1074 1640 1246 1699 tener·
1279 1644 1348 1701 et
1396 1625 1626 1699 lactens
1658 1654 1823 1728 puer
1839 1686 1858 1713 ,
1905 1627 2133 1703 roboris
2178 1656 2400 1729 expers
2423 1689 2440 1716 ,

305 1759 611 1860 sequitur
632 1759 845 1833 robore
861 1761 1080 1835 valens
1100 1777 1168 1834 et
1185 1775 1456 1835 oestuans
1467 1760 1749 1861 juvenis,
1776 1789 1996 1863 quem,
2004 1763 2207 1864 posito
2205 1763 2455 1864 fervore

292 1892 588 1993 juventoe,
622 1890 923 1965 Maturus
941 1890 1223 1993 mitisque
1249 1891 1637 1968 Autumnus
1662 1893 1928 1995 excipit.
1956 1893 2066 1967 Ad
2093 1911 2458 1971 extremum

562 2104 579 2121 .
602 2101 623 2118 .
645 2100 662 2118 .
699 2060 911 2123 Senilis
930 2105 949 2139 ,
986 2062 1188 2123 Hiems
1209 2061 1457 2123 tremulo
1482 2062 1642 2125 venit
1668 2061 1902 2123 horrida
1923 2083 2128 2145 passu,

478 2166 608 2231 Aut
640 2168 881 2251 spoliata
911 2188 1082 2244 suos,
1106 2179 1244 2244 aut,
1283 2188 1433 2249 quos
1463 2166 1669 2247 babet,
1698 2167 1823 2230 alba
1853 2169 2107 2251 capillos.

309 2315 442 2390 His
487 2314 657 2390 adde
698 2316 900 2403 Noti,
942 2316 1215 2405 Boreae,
1266 2316 1577 2408 Invidiae,
1613 2319 1873 2408 Famis,
1930 2320 2178 2408 Famae,
2218 2317 2456 2393 Somni

311 2449 832 2551 descriptiones,
866 2449 939 2522 in
978 2450 1227 2550 quibus
1262 2479 1342 2525 ex
1373 2448 1636 2526 illarum
1669 2480 1892 2526 rerum
1924 2452 2268 2526 attributis
2299 2480 2457 2554 per-

312 2609 515 2655 sonas
549 2582 909 2681 earumque
944 2579 1279 2655 domicilia
1320 2582 1591 2658 mirifice
1628 2584 1871 2680 (naevis
1905 2584 2135 2685 paucis
2169 2583 2454 2677 demtis)

308 2713 716 2816 composuit.
745 2715 792 2787 J
794 2741 898 2789 am
916 2712 975 2787 si
984 2712 1131 2787 baec
1159 2714 1253 2787 ita
1268 2713 1444 2788 inter
1461 2742 1530 2789 se
1544 2715 2049 2816 comparaveris,
2069 2733 2148 2790 ut
2166 2715 2455 2816 primum

307 2844 543 2920 tabidis
567 2860 891 2919 tumescere
930 2844 1130 2920 ventis
1163 2873 1377 2947 ponas
1394 2901 1414 2935 ‚
1456 2864 1598 2920 tum
1611 2902 1631 2934 ‚
1665 2844 1918 2919 brachia
1949 2845 2135 2946 longo
2167 2846 2459 2947 Margine

304 2996 602 3056 terranem
627 2995 993 3081 porrexerat
1023 2979 1442 3081 Amphitrite,
1477 2998 1639 3082 post
1667 2980 1807 3054 haec
1843 2978 2066 3053 locum
2102 2980 2183 3056 de
2216 2983 2456 3056 annuis

305 3113 907 3205 vicissitudinibus,
928 3133 1044 3189 aut
1058 3109 1322 3218 partem
1337 3114 1504 3215 ejus,
1529 3114 1816 3217 denique
1836 3114 2041 3205 exiis,
2068 3145 2232 3218 quas
2246 3115 2450 3192 modo

308 3245 604 3337 laudavi,
642 3248 1142 3350 prosopopoeiis
1177 3276 1412 3338 unam3
1449 3246 1906 3344 gradationem
1925 3247 2208 3323 habebis
2228 3249 2459 3345 imagi-

308 3407 473 3454 num
498 3381 834 3477 egregiam
849 3436 868 3470 ,
891 3409 1171 3483 quarum
1199 3380 1502 3483 proxima
1527 3408 1803 3482 quaeque
1831 3380 2304 3483 praecedentem
2324 3380 2457 3483 ple-

308 3512 618 3587 nitudine
663 3531 955 3615 superat.
1011 3513 1328 3589 Personis
1352 3512 1830 3615 mythologicis
1857 3514 2116 3610 egregie
2144 3515 2456 3588 animavit

309 3641 455 3718 loca
464 3644 664 3719 varia.
679 3647 823 3734 —L
838 3643 983 3739 264
998 3673 1172 3748 sqq„
1193 3646 1417 3723 Notus
1436 3642 1675 3733 evolat,
1696 3643 1823 3717 Iris
1837 3642 2145 3719 alimenta
2154 3632 2456 3721 nubibus

313 3775 530 3852 adfert
544 3832 567 3865 ‚
600 3778 961 3879 Neptunus
993 3794 1318 3852 convocat
1339 3777 1588 3850 Amnes
1607 3831 1627 3865 ,
1656 3775 1901 3850 Triton
1936 3804 2232 3852 recessus
2256 3779 2453 3853 canit.

307 3911 395 3983 In
429 3907 747 3983 omnibus
780 3908 915 3984 fere
949 3927 1021 3984 et
1046 3908 1618 4011 descriptionibus
1648 3927 1716 3984 et
1745 3910 2247 3985 narrationibus
2269 3910 2460 4008 inge-

307 4040 503 4115 nium
532 4057 749 4143 poetae
776 4057 911 4115 tam
941 4039 1015 4123 in
1042 4034 1483 4131 tenuissimis,
1514 4050 1712 4142 quani
1738 4040 1811 4114 in
1834 4041 2235 4137 gravissimis
2261 4041 2463 4118 rebus

310 4172 629 4249 admirari
662 4172 837 4249 licet„
903 4176 1003 4248 Ut
1035 4203 1074 4248 a
1107 4173 1426 4249 brevibus
1471 4174 1774 4251 tenuium
1804 4202 2026 4250 rerum
2071 4148 2466 4277 descriptio-

312 4306 523 4382 nibus
546 4306 896 4409 incipiam,
930 4304 1041 4380 cui
1070 4332 1214 4380 non
1246 4303 1530 4407 placeat,
1565 4308 1637 4393 Ι,
1672 4302 1815 4378 335
1835 4360 1855 4395 ,
1889 4304 2144 4381 buccina
2171 4306 2243 4381 T
2236 4307 2428 4382 ortilis
2443 4330 2475 4394 ‚·
