3217 5134
656 591 1698 665 METAMORPHOSEON
1755 595 1954 665 LIB.
2011 596 2070 665 1.

291 730 616 828 Ingemit3
654 751 721 807 et
742 788 761 820 ,
798 732 974 807 sacto
1003 732 1303 808 nondum
1337 734 1602 830 vulgata
1630 737 1880 809 recenti
1903 789 1927 828 ,

293 848 498 923 Foeda
527 849 872 950 Lycaoniae
905 849 1196 923 referens
1229 850 1528 924 convivia
1558 878 1801 925 mensae
1826 907 1846 939 ‚

295 966 611 1060 Ingentes
639 965 859 1039 animo
899 982 969 1039 et
1000 965 1236 1061 dignas
1260 967 1429 1040 Jove
1465 964 1762 1067 concipit
1793 964 1965 1052 iras;

297 1080 816 1182 Conciliumque
847 1098 1039 1156 vocat
1073 1112 1087 1155 ε
1121 1083 1335 1156 tenuit
1367 1111 1552 1158 mora
1584 1081 1772 1158 nulla
1806 1099 2096 1157 vocatos.

394 1201 522 1273 Est
550 1200 655 1273 via
685 1197 993 1273 sublimis
1014 1254 1033 1286 ,
1068 1198 1226 1274 caelo
1259 1198 1603 1274 manifesta
1639 1227 1873 1274 sereno
1895 1254 1916 1288 ‚

291 1315 534 1389 Lactea
567 1341 809 1390 nomen
842 1313 1077 1403 habet3
1116 1314 1400 1391 candore
1434 1315 1755 1390 notabilis
1790 1315 1962 1416 ipso.

293 1433 442 1507 Hac
478 1432 605 1505 iter
635 1448 737 1505 est
767 1430 1040 1532 Superis
1076 1430 1159 1506 ad
1185 1432 1410 1528 magni
1443 1448 1614 1507 tecta
1643 1430 1973 1505 Tonantis
1994 1485 2013 1519 ,

291 1615 529 1670 multum
543 1613 741 1684 ingenii
761 1612 1005 1668 ostendit.
1024 1614 1189 1668 Poeta
1201 1632 1314 1667 non

289 1696 403 1765 ipse
433 1703 647 1758 narrat,
687 1690 811 1762 q'uid
839 1691 1049 1764 Lycaon
1080 1693 1316 1745 commi-

289 1772 455 1837 serit,
505 1769 595 1826 sed
634 1771 830 1823 Jovem
866 1770 982 1824 Diis
1017 1770 1314 1825 convocatis

289 1858 605 1904 narrantem
639 1846 842 1901 inducit
877 1866 891 1901 :
926 1866 1042 1917 que
1078 1848 1315 1902 inventio

289 1926 464 1980 multa
485 1936 799 1980 ornamenta
821 1926 1036 1995 peperit.
1062 1925 1150 1980 Sic
1168 1926 1316 1980 enim

290 2024 564 2061 consessus
588 2005 829 2059 Deorum
848 2044 864 2072 ‚
905 2004 1154 2075 Jovisque
1188 2025 1313 2059 ma-

289 2086 453 2155 jestas
480 2085 731 2152 describi,
768 2095 930 2154 atque
958 2086 1126 2138 oratio
1157 2104 1316 2139 com-

291 2174 442 2216 mota
473 2161 634 2216 intexi
658 2172 879 2232 poterat.
913 2190 981 2202 —
1006 2160 1213 2217 Culum
1236 2182 1314 2215 vr.

289 2259 393 2292 m
417 2242 618 2301 mundi,
665 2258 762 2291 arx
794 2241 936 2307 celi,
971 2259 1117 2293 arces
1144 2243 1314 2308 t‘gnee.

291 2317 435 2372 vide
455 2317 716 2373 Brouckh.
736 2317 802 2371 ad
813 2313 1057 2388 Propert.
1073 2319 1155 2373 111
1170 2358 1184 2386 ,
1211 2335 1281 2372 111
1296 2360 1313 2386 ,

293 2399 376 2452 53.
406 2399 472 2452 ln
493 2417 691 2452 summa
711 2418 830 2451 arce
846 2396 1033 2452 domus
1051 2399 1200 2453 Jovis
1220 2401 1320 2454 fuit

291 2477 348 2529 11
366 2516 382 2542 ,
427 2473 558 2544 306,
596 2495 712 2546 quae
739 2486 793 2529 et
824 2477 934 2547 ipsa
955 2496 1056 2529 arx
1083 2496 1160 2531 vr.
1183 2496 1316 2530 vers.

289 2557 391 2626 673
420 2596 437 2625 ,
473 2557 617 2611 unde
657 2557 871 2627 despicit
910 2569 1092 2613 terras.
1127 2558 1315 2628 Virgil.

287 2634 419 2688 AEn.
445 2636 504 2701 1,
534 2635 646 2688 223.
674 2633 830 2705 Apud
857 2636 1079 2689 Homer.
1100 2635 1317 2705 Jupiter

288 2714 336 2765 ἕν
360 2712 592 2789 ἆκρστεέτῇ
615 2724 783 2789 κορυφῇ
812 2710 1030 2783 Olympi
1056 2711 1272 2766 habitat.

359 2791 472 2844 155.
504 2792 661 2844 Feda
690 2793 1075 2863 Lycaoaeaeb.......
1114 2810 1311 2845 mense.

285 2870 472 2921 redas
485 2872 654 2921 vti-tus
667 2866 732 2922 de
747 2887 904 2922 carne
923 2867 1154 2923 humana
1173 2867 1310 2939 apud

286 2946 479 3000 Horat.
500 2945 570 2998 Α.
586 2946 649 2999 Ρ.
665 2946 778 3019 392.
798 2954 961 3001 ensem
986 2948 1148 3023 ἀγρίαν
1166 2956 1312 3023 θηρῶν

285 3036 436 3078 vocat
456 3022 643 3092 Eut-ip.
667 3023 799 3077 Ilec.
823 3043 963 3093 1071.
985 3024 1066 3078 Ut
1084 3023 1168 3078 bic
1187 3044 1311 3078 con-

286 3107 419 3155 n‘n‘a
440 3103 715 3173 Lycaonia
731 3120 915 3155 mense
927 3141 942 3169 ,
967 3102 1042 3155 sic
1055 3100 1195 3172 apud
1211 3102 1310 3155 Lu·

287 3198 403 3234 can.
447 3199 510 3233 ex
547 3179 842 3233 imitatione
867 3180 1049 3233 Nostri
1080 3184 1312 3234 conoide

292 3264 635 3332 Ganymeden
666 3280 874 3322 mense,
911 3271 965 3314 et
1000 3259 1138 3331 apud
1163 3260 1313 3315 Noa-

289 3351 436 3396 trum
461 3342 599 3407 XV,
649 3342 906 3411 Thyesten
938 3358 1124 3394 mense
1140 3380 1155 3402 ,
1199 3357 1312 3394 non

290 3420 470 3475 minus
484 3420 573 3474 illa
590 3419 730 3474 soeda
740 3459 755 3487 ,
782 3439 941 3489 quam
955 3419 1233 3493 Lycaonia.
1245 3445 1314 3461 ·-

289 3502 539 3569 Refims
554 3518 570 3551 .·
586 3498 773 3567 quibus
791 3497 815 3550 ?
830 3498 974 3552 Deos
991 3510 1169 3569 postea
1186 3516 1314 3552 con·

289 3588 456 3632 vocat.
503 3577 653 3631 Num
684 3586 839 3646 poeta
870 3575 1016 3630 dedit
1051 3584 1276 3644 repetens
1293 3614 1310 3643 ,

287 3658 386 3712 sibi
411 3658 468 3711 in
496 3656 815 3710 memoriam
841 3654 1133 3709 revocans?
1172 3655 1311 3709 Plin.

287 3737 403 3804 111,
432 3736 534 3805 Ep.
560 3739 615 3798 5,
652 3734 725 3788 15.
752 3733 891 3788 Rod.
925 3733 1101 3788 omisit
1123 3733 1178 3786 in
1202 3751 1314 3787 ver-

284 3815 709 3868 sione—Facto
719 3816 918 3874 recenti,
943 3821 1002 3864 ut
1024 3808 1141 3864 alibi
1158 3829 1210 3863 m
1232 3829 1320 3863 re·

284 3898 438 3946 cearli.
445 3894 903 3960 -Conce'piaeznimo
913 3888 1070 3944 dicun
1076 3899 1183 3957 tur,
1197 3906 1313 3958 qun

287 3971 542 4024 oriuntur
559 3971 614 4024 in
641 3971 852 4036 animo,
879 3980 939 4023 ut
963 3968 1038 4021 ira
1055 4008 1071 4035 ,
1096 3969 1263 4022 suror.

359 4048 470 4102 156.
509 4051 742 4117 Ingentes
778 4053 964 4102 animo.
996 4045 1224 4101 Palatini
1257 4056 1315 4101 et

287 4126 374 4180 alii
393 4126 679 4192 nonnulli,
705 4131 939 4194 Ingentes
967 4129 1169 4179 ane'anos
1186 4164 1202 4186 ‚
1240 4127 1315 4177 di-

282 4225 419 4274 ‘aas
460 4217 562 4259 etc.
620 4204 798 4260 Placet
841 4205 980 4260 Dan.
1029 4202 1219 4257 Heius.
1259 4211 1316 4255 et

289 4280 478 4335 Burm.
504 4281 630 4351 quia
659 4286 824 4335 αηίωί
841 4299 976 4351 saepe
991 4280 1057 4334 de
1074 4280 1152 4333 ira
1173 4276 1315 4331 dici-

293 4369 401 4428 tur,
421 4371 478 4417 et
493 4379 621 4416 cum
642 4366 724 4416 im
742 4360 1100 4432 conjungitur.
1118 4357 1317 4416 Melior

2339 1469 2433 1523 ¹7⁰

1413 1623 1493 1668 est
1525 1613 1764 1683 vulgata;
1806 1612 1968 1666 verbo
1993 1612 2141 1667 enim
2176 1617 2434 1680 concepere

1411 1694 1522 1748 sere
1533 1711 1743 1763 semper
1753 1692 1964 1747 additur
1973 1697 2143 1746 animo
2156 1705 2249 1746 aut
2261 1699 2434 1746 mente.

1413 1772 1551 1827 vide
1572 1794 1686 1844 777,
1706 1772 1761 1826 11
1777 1812 1792 1839 ‚
1823 1793 1903 1843 77,
1919 1771 2040 1840 640,
2060 1773 2113 1826 X
2129 1811 2145 1839 ‚
2171 1773 2284 1837 352,
2305 1773 2431 1839 XV,

1412 1848 1461 1903 6.
1486 1849 1566 1904 Ita
1592 1860 1647 1903 et
1670 1849 1809 1919 apud
1834 1850 1981 1920 Virg.
2006 1859 2060 1903 et
2083 1849 2224 1904 alios.

1483 1927 1592 1999 167.
1619 1929 2004 1997 Concdt‘unque.
2030 1925 2173 1981 Cum
2194 1946 2279 1981 res
2301 1946 2432 1998 gra-

1412 2004 1488 2060 vis
1506 2006 1706 2078 agenda
1723 2017 1858 2060 esset
1876 2046 1891 2074 ,
1920 2006 2133 2075 Jupiter
2147 2006 2293 2060 Deos
2309 2025 2433 2060 con·

1409 2103 1597 2138 vocare
1635 2085 1840 2162 (ἆγορὴν
1871 2091 1920 2138 δι’
1955 2088 2143 2139 καλίσαι
2171 2082 2196 2154 )
2232 2084 2433 2138 solebat

1411 2161 1664 2233 (Homer.
1691 2164 1777 2230 11,
1801 2170 1859 2230 δ’,
1886 2183 1908 2217 1
1932 2173 2036 2230 ,9‚
2063 2184 2126 2230 a,
2155 2188 2212 2229 υ,
2242 2165 2432 2232 4sqq.;

1413 2240 1596 2310 virgil.
1635 2239 1849 2294 AEneid.
1874 2241 1925 2294 X
1942 2279 1957 2306 ,
2003 2261 2024 2293 ι
2049 2278 2066 2307 ,
2098 2250 2152 2293 et
2174 2238 2350 2310 ωερε)
2375 2241 2432 2293 in

1411 2318 1595 2387 primis
1613 2317 1892 2372 duodecim
1908 2336 2127 2389 magnos
2138 2357 2154 2384 ,
2171 2318 2435 2387 quierant

1416 2394 1714 2450 consiliarii
1739 2397 1887 2451 Jovis
1903 2435 1917 2463 ,
1959 2408 2013 2450 et
2040 2398 2312 2450 Consentes
2337 2394 2432 2449 di·-

1410 2475 1678 2529 cebantur.
1697 2475 1883 2529 Senec.
1900 2476 2021 2529 Nat.
2035 2475 2235 2545 Queat.
2250 2475 2325 2541 11,
2345 2475 2432 2541 [με

1412 2554 1615 2609 Arnob.
1642 2574 1684 2608 c.
1711 2554 1871 2609 Gent.
1897 2555 2015 2621 111,
2044 2574 2093 2624 p.
2126 2555 2235 2608 123.
2274 2555 2432 2607 Nune

1412 2642 1591 2685 autem
1616 2633 1775 2686 etiam
1805 2632 1994 2703 reliqui
2026 2632 2149 2695 Dii,
2179 2629 2433 2684 audiendi

1410 2728 1592 2777 causa,
1621 2710 1915 2764 confluunt.
1938 2711 2121 2779 ltaque
2144 2728 2257 2762 non
2281 2708 2432 2761 facile

1413 2788 1708 2843 discernere
1723 2789 1841 2844 licet
1855 2828 1871 2855 ,
1888 2799 2070 2843 utrum
2082 2791 2345 2842 consilium
2360 2806 2432 2841 an

1406 2871 1675 2922 concilium
1701 2867 1986 2939 legendum
2025 2868 2124 2930 sit3
2155 2886 2282 2920 nam
2305 2886 2430 2920 con—

1405 2950 1575 3001 silium
1595 2957 1676 3001 est
1697 2965 1965 3001 consessus
1991 2944 2395 3000 deliberantium
2412 2984 2429 3010 ,

1405 3029 1674 3079 concilium
1691 3025 2038 3079 audientium.
2056 3024 2196 3080 Vide
2215 3024 2434 3079 Ernesti

1410 3101 1558 3156 Clav.
1586 3101 1700 3157 Cic.
1724 3120 1834 3158 voc.
1852 3106 2119 3157 consilum
2134 3143 2149 3165 ‚
2176 3102 2432 3157 etBurm.

1405 3184 1473 3238 ad
1494 3183 1548 3238 h.
1569 3185 1683 3237 l.-
1703 3187 1898 3239 Vocare
1909 3186 2175 3239 coastb’um
2194 3193 2287 3237 aut
2307 3202 2436 3237 con-

1407 3266 1582 3316 cilimn
1597 3303 1610 3325 ,
1639 3262 1841 3332 phrasis
1858 3262 2122 3317 solemnis.

1481 3341 1592 3414 169.
1614 3342 1812 3395 Laclea
1831 3360 2009 3395 nomen
2028 3345 2195 3395 habel.
2218 3341 2304 3395 De
2329 3341 2436 3395 cir-

1409 3418 1529 3473 culo
1571 3419 1662 3472 illo
1696 3418 1922 3473 candido
1959 3419 2016 3472 in
2053 3417 2180 3473 eolo
2204 3458 2220 3487 ,
2271 3436 2434 3489 quem

1408 3503 1636 3563 γαλαξίαν
1670 3506 1929 3551 vocarunt
1963 3495 2133 3550 Greci
2155 3535 2171 3565 ‚
2215 3499 2436 3550 Iactum

1408 3573 1585 3629 Latini
1602 3611 1619 3639 ,
1640 3573 1776 3627 mira
1790 3573 2060 3627 finxerunt
2075 3573 2316 3640 Veteres,
2335 3592 2436 3643 ope

1411 3651 1665 3703 tuborum
1692 3651 1986 3719 opticorum
2009 3649 2257 3704 destituti.
2294 3650 2435 3705 Vide

1410 3729 1718 3784 Macrob.in
1742 3729 1928 3784 Somn.
1955 3730 2093 3801 Scip.
2123 3730 2149 3783 1
2167 3769 2184 3796 ‚
2212 3750 2270 3783 ια
2288 3767 2305 3796 ,
2337 3735 2396 3785 ι5
2422 3750 2442 3796 5

1411 3806 1597 3861 Manil.
1622 3808 1835 3862 Astron.
1864 3808 1890 3862 1
1910 3846 1926 3875 ,
1953 3808 2061 3879 748.

1481 3905 1592 3955 170.
1624 3888 1884 3941 Tonanlis.
1911 3885 2150 3956 Quidam
2168 3893 2303 3939 lecta
2336 3888 2439 3957 Ty-

1407 3969 1572 4019 ranni.
1605 3964 1716 4020 Sed
1747 3963 1865 4018 vide
1887 3964 2186 4019 Burmann.
2226 3991 2292 4004 -
2327 3962 2440 4017 Se-

1409 4044 1590 4114 quitur
1603 4041 1942 4114 topographia
1958 4043 2085 4097 caeli.
2097 4045 2325 4111 Magnus
2345 4044 2442 4096 To·

1407 4142 1543 4178 nans
1555 4123 1715 4178 etiam
1735 4122 1788 4176 11
1803 4161 1819 4189 ,
1839 4122 1951 4189 466.
1978 4121 2117 4175 Alibi
2135 4126 2439 4177 altannus.

1407 4229 1476 4244 -
1491 4204 1693 4255 Dextra
1711 4204 1930 4269 levaque
1948 4201 2111 4268 reser,
2128 4219 2239 4255 non
2268 4200 2335 4255 ad
2359 4222 2443 4256 re-

1403 4283 1571 4348 galem
1583 4281 1781 4331 domum
1795 4319 1808 4337 .
1830 4276 1924 4332 sed
1949 4276 2015 4331 ad
2038 4276 2276 4332 lacteam.
2299 4279 2409 4333 Pro
2427 4316 2444 4344 ,

1411 4359 1611 4414 nobiles
1626 4357 1873 4415 habitant
1887 4396 1903 4426 ,
1921 4358 2150 4413 notione
2170 4355 2376 4427 speciali
2392 4374 2420 4408 e
2425 4397 2451 4443 t
