3217 5134
785 560 869 625 32
994 559 1485 628 PRAEFATIO
1531 558 1657 628 DE
1717 558 2014 629 OPERE
2063 558 2692 631 METAMORPH.

781 701 918 788 111,
959 697 1101 801 675
1122 756 1142 789 ‚
1168 699 1475 802 delphinis
1498 728 1782 802 squamas
1807 701 2607 803 athaia-Repentinum
2631 700 2926 802 ejusdem

778 823 965 898 verbi
1004 840 1119 898 aut
1145 822 1550 898 hemistichii
1583 842 1702 899 aut
1748 823 1995 922 integri
2044 853 2272 898 versus
2316 823 2499 901 vario
2547 824 2753 899 modo
2803 825 2927 899 ad-

753 946 963 1047 jecta!
978 1007 997 1033 ,
1028 975 1410 1048 quanquam
1432 947 1502 1021 in
1527 976 1607 1023 eo
1630 947 1966 1023 interdum
1982 947 2084 1022 vis
2107 946 2330 1048 aliqua
2350 964 2468 1021 aut
2481 947 2696 1021 virtus
2720 946 2916 1022 inest.

790 1112 869 1124 —
913 1072 978 1158 1,
1015 1067 1108 1141 33
1143 1099 1159 1143 :
1187 1071 1406 1156 secuit,
1448 1086 1804 1172 sectamque.
1839 1072 2028 1145 Vel-s,
2072 1071 2205 1164 142
2236 1068 2636 1172 :prodierant
2656 1100 2685 1157 ;
2709 1071 2927 1173 prodit

782 1188 1031 1268 bellum.
1084 1194 1276 1267 Vers.
1330 1221 1356 1267 1
1372 1192 1464 1266 58
1512 1224 1527 1267 :
1572 1193 1895 1267 incalut'sse
1933 1193 2147 1288 serunt
2168 1252 2189 1278 ‚
2247 1192 2645 1295 calidumque.
2724 1194 2915 1269 Vers.

781 1315 923 1389 206
945 1345 1092 1419 sqq.
1129 1321 1865 1420 :compressit—pressus.
1898 1320 2087 1392 Vel-s.
2123 1315 2265 1411 642
2295 1318 2582 1394 :Naides
2599 1319 2911 1419 ignorant,

778 1440 1026 1540 ignoras
1054 1456 1117 1514 et
1143 1440 1424 1516 Inachus
1455 1443 1602 1543 inse.
1634 1443 1825 1515 Vers.
1868 1438 2011 1534 643
2040 1470 2059 1514 ε
2084 1455 2326 1540 patrem
2367 1441 2667 1541 sequitur,
2715 1442 2921 1543 sequi-

773 1578 988 1663 turque
1029 1590 1284 1638 sorores.
1343 1605 1422 1619 —-
1465 1567 1532 1638 ΙΙ
1559 1621 1577 1652 ,
1616 1563 1756 1666 399
1793 1594 1810 1637 :
1841 1565 2014 1638 soevit
2041 1595 2067 1635 .·
2093 1561 2288 1638 Soevit
2318 1563 2496 1637 enim.
2534 1607 2614 1621 —
2647 1565 2734 1653 V,
2782 1563 2865 1638 1-5
2895 1595 2915 1639 ε

776 1684 1087 1760 deseruere
1113 1686 1215 1760 sui
1237 1686 1562 1794 Nymphae
1589 1686 1801 1761 vineta
1830 1685 1901 1760 T
1875 1687 2089 1794 ymoli
2096 1744 2115 1771 ,
2153 1686 2499 1760 Deseruere
2527 1714 2673 1763 suas
2702 1689 2918 1794 Nym-

764 1808 922 1910 phoe
953 1808 1310 1883 Pactolides
1356 1808 1572 1883 undas.
1633 1852 1712 1865 —
1756 1810 1855 1882 VI
1876 1865 1896 1898 ‚
1951 1808 2093 1910 419
2135 1838 2152 1882 :
2206 1806 2489 1910 Quaeque
2539 1810 2717 1884 urbes
2770 1810 2918 1884 alioe

773 1932 999 2006 bimari
1015 1931 1385 2006 clauduntur
1410 1931 1492 2005 ab
1523 1929 1770 2007 Isthmo
1783 1990 1801 2017 ‚
1851 1931 2287 2035 'Exten'usque
2314 1932 2451 2009 sitoe
2481 1932 2708 2008 bimari
2735 1961 2916 2034 spec-

772 2071 985 2130 tantur
1012 2056 1094 2130 ab
1126 2053 1389 2129 Isthmo.
1414 2097 1493 2109 —
1518 2055 1717 2144 VIII,
1755 2052 1898 2127 628
1928 2085 1944 2127 ε
1981 2055 2172 2130 Mille
2200 2054 2413 2129 domos
2441 2054 2679 2143 adiere,
2710 2048 2922 2131 locum'

776 2179 1149 2282 requiemque
1174 2194 1447 2280 petentes
1479 2206 1496 2252 :
1532 2178 1725 2253 Mille
1760 2178 1973 2253 domos
2001 2179 2269 2254 clausere
2292 2205 2467 2254 seroe.
2506 2222 2585 2235 —
2618 2181 2685 2269 I,
2720 2177 2862 2253 325
2889 2209 2908 2253 ε

776 2305 881 2379 Et
901 2332 1204 2407 superesse
1232 2303 1408 2379 videt
1436 2303 1514 2376 de
1546 2319 1638 2377 tot
1663 2302 1845 2378 modo
1872 2304 2139 2379 nu‘llibus
2169 2334 2354 2379 unum
2379 2364 2401 2392 ‚
2473 2304 2573 2380 Et
2604 2333 2910 2406 superesse

770 2428 943 2503 videt
968 2427 1047 2502 de
1069 2443 1161 2502 tot
1182 2426 1364 2502 modo
1394 2428 1661 2502 millibus
1689 2455 1893 2502 unam.
1926 2471 2005 2485 -
2029 2430 2150 2517 IV,
2188 2427 2362 2519 306,
2402 2456 2493 2531 9:

936 2577 1175 2640 Salmaci
1197 2622 1217 2655 ‚
1254 2578 1346 2641 vel
1378 2577 1664 2661 jaculum,
1701 2578 1792 2641 vel
1819 2578 1997 2660 pictas
2034 2598 2193 2640 sume
2213 2579 2540 2662 pharetram

932 2687 1013 2747 Et
1033 2698 1129 2783 tua
1149 2705 1281 2747 cum
1302 2682 1460 2746 duris
1486 2683 1781 2747 venatibus
1804 2686 1920 2747 otia
1943 2686 2134 2749 misce.

930 2794 1056 2854 Nec
1078 2793 1325 2875 jaculum
1347 2793 1557 2866 sumit,
1594 2813 1702 2854 nec
1733 2794 1913 2876 pictas
1939 2793 2033 2855 ina
2053 2794 2339 2877 pharetras
2362 2817 2382 2869 ς

929 2900 1055 2960 Nec
1080 2921 1181 2960 sua
1202 2921 1333 2961 cum
1359 2897 1516 2960 duris
1537 2897 1834 2961 venatibus
1857 2900 1973 2961 otia
1997 2900 2213 2962 miscet.

764 3033 849 3103 In
886 3058 1023 3131 quo
1050 3048 1392 3131 postremo
1412 3029 1778 3131 plurimum
1804 3047 1907 3105 est
1930 3032 2271 3105 suavitatis
2290 3087 2310 3120 ‚
2343 3030 2907 3133 quemadmodum

763 3154 835 3228 in
867 3152 1288 3230 antecedente
1320 3183 1556 3251 magna
1575 3154 1988 3229 vis-Nova
2020 3155 2217 3229 etiam
2244 3154 2564 3231 vocabula
2599 3156 2902 3257 quaedam

762 3276 996 3352 fecisse
1027 3276 1319 3366 videtur,
1353 3294 1434 3351 ut
1462 3276 1803 3352 dubitabile
1818 3336 1839 3366 ,
1876 3277 2216 3382 jaculabile
2233 3337 2254 3363 ‚
2296 3279 2561 3366 crinale,
2598 3280 2891 3383 omnifer,

762 3400 1064 3475 remollire
1086 3459 1105 3487 ,
1149 3418 1270 3475 etc.

858 3524 965 3598 Ex
989 3523 1096 3599 his
1123 3524 1330 3622 igitur
1354 3541 1660 3627 apparet,
1694 3525 2034 3621 egregium
2059 3523 2189 3598 hoc
2203 3552 2354 3599 esse
2383 3525 2900 3627 Metamorpho-

760 3674 925 3720 seon
977 3676 1222 3750 corpus
1241 3705 1261 3738 ‚
1319 3649 1520 3723 naevis
1581 3647 1983 3749 quibusdam
2043 3647 2359 3751 dispersis
2418 3648 2842 3750 deturpatum
2875 3705 2896 3739 ,

759 3798 1007 3872 eosque
1039 3772 1282 3872 partim
1318 3800 1398 3846 ex
1430 3771 1684 3869 ingenii
1716 3770 1964 3861 abusu,
2000 3770 2245 3871 partim
2270 3800 2351 3847 ex
2374 3771 2720 3863 facilitate,
2762 3800 2896 3873 qua

756 3893 896 3970 haec
928 3912 1121 3984 nata,
1155 3894 1442 3970 fluxisse.

1580 4153 2056 4179 ...ψ-
