3217 5134
175 2009 270 2128 xl

668 532 1723 609 METAMORPHOSEON
1781 544 1983 612 LIB.
2038 545 2098 611 1.

2365 545 2445 611 61

297 668 635 773 Flavaque
674 672 755 747 de
786 673 984 747 viridi
1017 674 1364 752 stillabant
1387 677 1536 754 ilice
1567 678 1782 756 mella.

399 789 804 891 Postquam,
842 792 1134 866 Saturno
1168 793 1520 870 tenebrosa
1549 792 1623 867 in
1657 796 1934 871 Tartara
1962 798 2167 874 misso
2189 855 2207 888 ,

300 903 447 978 Sub
480 906 647 980 Jove
680 906 974 982 mundus
1005 926 1175 997 erat3
1216 909 1428 984 subiit
1458 928 1837 987 ARGENTEA
1871 913 2096 1016 proles
2116 973 2136 1006 ,

297 1024 490 1096 Auro
526 1021 844 1112 deterior,
876 1023 1062 1099 fulvo
1099 1026 1460 1127 pretiosior
1490 1055 1635 1102 aere.

2351 1055 2444 1108 115

297 1138 570 1241 Jupiter
600 1140 859 1242 antiqui
890 1144 1222 1218 contraxit
1257 1160 1557 1246 tempora
1583 1144 1756 1219 veris
1783 1174 1800 1232 ;

296 1365 422 1400 rum
453 1345 623 1399 ubera
646 1343 872 1399 distenta
893 1384 909 1412 ‚
951 1364 1171 1417 uvaeque
1197 1366 1321 1418 gra·

295 1423 433 1478 vide
456 1433 626 1477 erant.
650 1421 845 1478 Omnis
862 1421 1009 1476 enim
1029 1425 1176 1495 copia
1198 1444 1324 1478 cum

281 1508 496 1573 finite
525 1503 820 1572 comparari
853 1502 1000 1557 solet.
1032 1504 1182 1574 Virg.
1207 1504 1322 1559 Ed.

299 1585 400 1651 IV,
425 1603 474 1638 v.
493 1604 553 1637 αι
584 1585 747 1650 {Ipse
756 1586 891 1635 Iacle
902 1586 1100 1637 domum
1112 1585 1327 1652 refi’oent

296 1665 519 1715 ahts-tenta
542 1664 751 1729 capelle
790 1661 976 1714 Ubera.
1017 1661 1158 1715 Add.
1187 1682 1319 1717 vers.

301 1759 378 1811 ²9·
396 1750 452 1793 et
466 1738 642 1794 Tibul.
659 1740 714 1807 I,
740 1755 808 1793 111
820 1778 836 1806 ,
852 1742 933 1807 45.
949 1741 1032 1796 Ire
1047 1741 1120 1796 sic
1134 1741 1323 1810 etiam,

299 1818 382 1886 Π,
408 1818 525 1885 456,

364 1914 389 1946 ι
403 1914 477 1948 12.
499 1895 669 1947 Hella
686 1896 962 1948 stt‘llaban!
982 1898 1046 1948 de
1063 1900 1182 1949 ilice
1194 1936 1208 1960 ,
1235 1895 1321 1950 vel

298 1970 419 2039 quia
449 1990 572 2040 apes
600 1971 658 2025 in
683 1971 800 2025 ilice
822 1972 966 2026 savos
984 1972 1316 2043 condebant,

296 2050 377 2103 vel
411 2053 536 2120 quia
572 2051 699 2105 solia
731 2051 925 2122 ilignea
961 2051 1072 2106 mel
1104 2052 1317 2123 eliqua-

297 2130 424 2185 bant
440 2171 456 2198 ,
499 2130 659 2202 idque
688 2142 799 2185 tam
820 2132 1093 2202 copiosum
1116 2169 1133 2198 ,
1174 2143 1235 2187 ut
1261 2133 1317 2185 in

299 2219 495 2262 ten-am
529 2209 805 2264 deflueret.
833 2210 960 2263 vid.
986 2211 1229 2284 Heynius
1252 2209 1318 2265 ad

297 2287 446 2358 Virg.
463 2287 575 2341 Ect
590 2303 678 2356 ιν,
705 2291 773 2343 30
789 2329 805 2356 ,
827 2299 882 2343 et
908 2289 1064 2343 Fabri
1084 2289 1321 2344 Historia

295 2365 518 2419 Manna
550 2366 695 2420 inter
720 2367 1010 2436 Helu-eos,
1048 2388 1101 2438 p.
1136 2368 1318 2421 ιιι-18.

297 2446 474 2500 Etiam
522 2446 683 2502 hodie
733 2447 789 2501 in
830 2448 956 2503 locis
1004 2447 1318 2519 quibusdam

294 2523 434 2580 Asiae
465 2525 606 2579 rivos
644 2525 1031 2595 propemodum
1067 2525 1237 2580 mellis
1258 2524 1317 2578 in

291 2600 431 2654 silvis
461 2602 738 2671 reperiunt
772 2605 1168 2674 peregrinantes
1190 2644 1205 2672 ,
1253 2615 1317 2658 ut

290 2679 485 2735 docent
517 2683 810 2737 Itineraria.
858 2687 1049 2738 Viridis
1079 2682 1316 2754 epitheto

292 2777 457 2829 genus
479 2779 775 2830 quercuum
796 2760 972 2815 bieme
995 2779 1207 2831 quoque
1229 2762 1317 2814 so·-

289 2840 355 2894 lia
377 2842 619 2897 retinem
646 2841 871 2896 Ovidius
895 2841 1146 2896 indicasse
1169 2841 1317 2895 Len-

291 2919 369 2972 sio
392 2918 622 2974 videtur.
645 2921 830 2975 Potius
849 2922 905 2973 in
914 2924 1064 2989 stava
1087 2930 1140 2973 et
1160 2925 1323 2973 vinidi

289 2998 496 3069 imago,
525 2999 633 3053 sive
655 2998 796 3052 lusus
815 2999 952 3053 inest
966 3017 1154 3069 parum
1174 3016 1312 3068 pro-

288 3076 511 3131 bandus.

360 3177 381 3209 1
397 3156 470 3209 13.
495 3159 770 3227 Poslquam
790 3157 1017 3210 Saturno.
1035 3158 1281 3210 Saturnus
1292 3198 1309 3221 ‚

289 3235 681 3304 antiquissimus
706 3255 795 3288 rex
820 3235 952 3288 Latii
974 3274 989 3299 ,
1012 3244 1237 3304 agrestes
1257 3243 1313 3289 et

289 3312 399 3366 sine
442 3312 645 3382 legibus
678 3313 914 3366 viventes
958 3312 1202 3365 homines
1244 3309 1311 3364 ad

289 3390 566 3445 meliorem
610 3392 807 3444 victum
857 3402 911 3444 et
952 3389 1152 3444 cultum
1197 3401 1307 3443 tra-

288 3467 541 3524 duxerat:
559 3470 708 3538 Virg.
731 3469 857 3522 AEn.
874 3469 1034 3535 vlll,
1055 3469 1310 3541 314-329.

291 3546 442 3602 Idem
476 3546 617 3618 apud
643 3546 854 3600 Graecos
888 3547 1084 3599 fecerat
1107 3550 1271 3621 Κρόνος
1289 3585 1305 3614 ,

288 3627 380 3681 sub
400 3628 552 3696 cuiun
577 3626 801 3696 imperio
823 3644 1044 3679 aureum
1071 3625 1309 3679 seculum

287 3706 440 3760 fuisse
473 3705 760 3759 dicebatur.
798 3704 981 3773 ltaque
1008 3701 1179 3755 Latini
1212 3700 1307 3754 lios

288 3784 395 3839 duo
441 3802 542 3857 pro
584 3804 693 3839 una
729 3802 952 3854 persona
991 3782 1309 3838 habuerunt.

289 3861 428 3915 Vide
456 3863 658 3934 Heynii
692 3862 904 3916 Excurs-
941 3861 1006 3914 ad
1041 3860 1092 3914 d.
1117 3861 1150 3914 Ι.
1180 3863 1307 3914 Cm-

286 3959 386 3993 nns
406 3959 527 3994 cum
548 3942 762 4011 reliquis
789 3941 1067 3994 Titanibus
1087 3940 1143 3993 in
1167 3939 1308 3991 Tar-

285 4028 398 4072 tara
437 4017 976 4089 detrususzApollod.
1002 4019 1059 4084 1,
1089 4039 1135 4069 2.
1176 4018 1306 4071 Haec

284 4107 364 4152 est
405 4096 809 4152 Titanomarhia
829 4137 844 4163 ,
903 4095 1304 4165 antiquissimo-

283 4193 406 4228 rum
427 4187 709 4248 poetarum
731 4175 1051 4229 carminibus
1073 4175 1308 4227 celebra-

283 4263 333 4307 ta
347 4295 361 4322 ,
385 4254 534 4309 unde
556 4255 722 4309 multa
739 4256 793 4307 in
811 4252 1304 4323 Gigantomacbiam

284 4336 547 4392 translata.
574 4334 834 4391 Ceterum
857 4334 915 4388 in
940 4333 1307 4402 hae-argentea

1422 1357 1573 1401 atate
1597 1346 1730 1401 nihil
1763 1346 1960 1402 Noster
1981 1367 2011 1401 a
2033 1348 2247 1420 reliquis
2279 1356 2446 1443 poetis

1420 1436 1694 1479 mutuatus
1727 1436 1834 1490 est,
1861 1424 1954 1480 sed
1976 1445 2134 1480 suum
2167 1429 2446 1499 ingenium

1418 1512 1644 1556 secutus.

1491 1584 1598 1649 114.
1625 1583 1726 1635 Sub
1743 1584 1951 1637 Jove:
1927 1609 2009 1639 υπο
1996 1588 2117 1640 ’ὅΔι
2094 1610 2173 1652 ος,
2194 1586 2343 1639 sub‘
2327 1606 2443 1639 im·-

1417 1662 1565 1732 perio
1580 1662 1619 1715 J
1621 1662 1744 1716 ovis.
1761 1691 1830 1705 —-
1849 1664 2039 1728 Subla,
2065 1666 2307 1720 suecessit
2323 1705 2338 1733 ,
2361 1686 2444 1719 se-

1415 1750 1535 1793 cuta
1549 1750 1641 1793 est.
1656 1740 1896 1809 Quidam
1905 1746 2169 1812 subiitque
2183 1751 2439 1811 argentea,

1413 1816 1553 1870 male
1573 1839 1585 1882 ;
1600 1821 1761 1872 subiit
1772 1838 1896 1873 cum
1916 1820 2329 1889 castigatioribus
2346 1840 2444 1873 re·-

1415 1896 1747 1950 stituendum
1771 1937 1787 1964 ,
1837 1900 1909 1952 ita
1930 1917 2090 1953 sensu
2130 1900 2444 1970 postulante.

1414 1976 1564 2046 Virg.
1588 1978 1716 2030 AEn.
1743 1978 1887 2031 VIII
1903 2018 1918 2046 ,
1942 1979 2038 2031 362
2063 1994 2077 2028 ε

1412 2059 1577 2099 Alcide·
1595 2062 1720 2100 subiit
1736 2078 1749 2099 .-
1773 2060 1854 2100 διο
1872 2061 1988 2100 illum
2007 2061 2112 2112 regi·
2127 2062 2242 2114 oepit.

1416 2130 1495 2185 Id.
1512 2131 1640 2186 AEn.
1660 2133 1712 2186 Χ
1730 2173 1745 2201 ,
1776 2134 1840 2203 67
1863 2173 1879 2200 ,
1907 2154 1969 2187 ex
1984 2134 2280 2190 veterrimis
2297 2136 2443 2191 cod.:

1414 2214 1571 2259 ltaliam
1592 2214 1685 2254 snti-
1696 2217 1825 2270 petiir
1838 2216 2130 2264 auctoribus-..⁰

1423 2287 1562 2341 Hor.
1585 2287 1673 2342 lib.
1700 2289 1754 2356 1,
1783 2287 1892 2342 Sat.
1916 2304 2086 2356 usai
2109 2310 2124 2343 ε

1463 2370 1601 2419 Quum
1622 2371 1781 2420 ‘uvius
1800 2371 1919 2411 dorso
1936 2372 2059 2410 subiit
2074 2386 2188 2411 onus.

1416 2441 1595 2497 Etiam
1617 2445 1671 2497 in
1687 2447 1851 2507 adia,
1879 2448 2057 2508 rediit,
2075 2451 2252 2515 periit,
2278 2451 2438 2510 abia,

1411 2534 1469 2577 et
1490 2523 1745 2579 similibus
1768 2564 1784 2592 ,
1823 2525 1879 2578 in
1914 2526 2095 2595 primis
2128 2528 2184 2580 in
2209 2547 2401 2583 caesura
2424 2569 2441 2594 ,

1415 2615 1684 2673 postrema
1719 2604 1912 2677 syllaba
1951 2605 2262 2676 producitur
2282 2648 2300 2673 ,
2348 2628 2444 2663 se-

1416 2692 1616 2752 quente
1639 2683 1817 2738 vocali.
1841 2684 1943 2735 Ed.

1482 2781 1501 2814 1
1515 2766 1589 2814 15.
1617 2763 1759 2814 Am
1776 2763 1991 2813 detentat
2002 2780 2064 2814 ex
2084 2760 2302 2814 Hesiod.
2327 2754 2441 2839 ἔῃ.

1414 2856 1505 2908 127
1536 2857 1549 2891 Ξ
1576 2845 1687 2892 πολὺ
1711 2842 1964 2914 >guph-spoia
1991 2843 2184 2910 χρυσίῳ.
2205 2841 2443 2893 Delerior

1406 2934 1498 2969 ac.
1522 2919 1729 2969 decolor
1761 2925 1886 2969 aetas
1926 2916 2040 2971 hcc
2077 2928 2325 2987 argentea
2361 2940 2440 2976 vr.

1407 2994 1535 3047 AEn.
1555 2994 1695 3047 VIII
1715 3034 1730 3059 ,
1753 2994 1866 3048 326.
1887 2996 2110 3048 —Anm
2132 3006 2187 3048 et
2198 3017 2316 3058 aere,
2339 3017 2437 3067 pro

1409 3092 1568 3127 aurea
1584 3085 1640 3127 et
1663 3072 1880 3127 ahenea.
1895 3101 1964 3114 —
1977 3077 2265 3138 Raetae‘ou'or,
2285 3076 2437 3131 inno-

1404 3154 1613 3208 centior
1631 3193 1645 3219 ,
1675 3172 1800 3207 cum
1837 3164 2079 3224 respectu
2108 3154 2173 3207 ad
2208 3157 2433 3211 metalla.

1409 3230 1687 3285 claudian.
1709 3232 1890 3297 XXII,
1911 3235 2036 3299 454:
2053 3238 2274 3288 melioris
2293 3239 2436 3288 secla

1403 3314 1615 3364 metalli.
1636 3311 1904 3381 Argentea
1916 3316 2164 3378 candent,
2191 3324 2245 3367 et
2262 3314 2434 3368 aureis

1401 3394 1549 3444 rutfli
1565 3396 1699 3443 anni
1714 3410 1812 3444 sun
1820 3401 1855 3444 t.

1475 3490 1494 3523 1
1507 3471 1580 3525 16.
1617 3472 1840 3541 Antiqui
1857 3475 2006 3523 wrelr.
2037 3473 2240 3523 AE-temi
2267 3477 2398 3523 ven‘s
2413 3513 2426 3533 ‚

1402 3547 1545 3618 quod
1571 3549 1758 3602 Heius.
1784 3547 2042 3618 placebat,
2072 3548 2185 3599 sine
2212 3546 2372 3600 dubio
2395 3566 2429 3599 e

1399 3646 1534 3681 vers.
1566 3645 1655 3696 ¹⁰7
1685 3628 1928 3696 migravit
1959 3625 2014 3678 in
2050 3624 2222 3680 Codd.
2256 3645 2427 3696 quos-

1400 3705 1536 3756 dam.
1557 3703 1719 3756 Nunc
1732 3704 1902 3771 aptius
1915 3707 2125 3769 antiqui.
2145 3730 2212 3742 -
2226 3705 2430 3771 Jupiter

1398 3786 1681 3842 contraxit,
1722 3790 1782 3832 ut
1806 3777 1943 3848 apud
1977 3779 2124 3849 Virg.
2148 3779 2421 3849 Georg.1,

1404 3859 1464 3913 13
1474 3879 1492 3911 ι
1515 3877 1528 3912 :
1550 3859 1756 3926 Jupile'r
1764 3862 1916 3911 mella
1932 3857 2325 3926 decussitsomur,
2350 3865 2427 3911 ri-

1398 3944 1474 3993 vis
1514 3943 1767 3992 currentia
1803 3944 1928 3992 νίκα
1959 3942 2196 4005 repressi!
2219 3948 2314 3990 etc.
2356 3963 2425 3978 ·-

1397 4019 1637 4085 Antae'que’,
1676 4016 1911 4085 pristini,
1938 4015 2203 4086 preteriti.
2233 4015 2422 4085 virgil.

1398 4093 1616 4148 AEneid.
1642 4094 1696 4146 II
1715 4133 1729 4160 ,
1763 4095 1849 4164 137
1873 4134 1887 4157 ,
1920 4098 2134 4161 antiqua
2154 4098 2330 4161 patria
2353 4091 2421 4144 de

1396 4172 1586 4227 exsule.
1619 4173 1813 4225 Noster
1835 4172 1971 4225 infra
1994 4191 2126 4225 vers.
2154 4173 2253 4239 423
2271 4211 2286 4238 ,
2310 4191 2422 4224 an·-

1395 4256 1563 4320 tiquus
1586 4253 1760 4304 alveus
1776 4289 1792 4318 ,
1831 4261 1886 4303 et
1910 4250 1984 4304 sic
2005 4250 2215 4304 centies.
2265 4253 2423 4304 Vetus

1388 4338 1564 4401 patria
1586 4331 1746 4401 dixit,
1772 4330 1883 4384 Liv.
1912 4331 1938 4385 1
1955 4371 1971 4400 ,
1997 4330 2075 4384 35.

2518 2853 2571 2894 V
