3217 5134
55 767 98 789 Ἀ..

613 575 1687 694 ΜΕΤΑΜοιιΡιιοεΕοΝ
1742 578 1945 651 LIB.
2001 583 2061 651 1.
2310 613 2399 681 97

255 715 520 819 Sponte
551 744 672 792 sua
703 717 1008 818 pepen‘t3
1050 687 1410 821 postquani
1438 733 1630 818 retus
1661 719 1905 796 humor
1935 723 2021 797 ab
2056 724 2210 820 igue
2274 757 2278 762 ’

249 831 591 926 Percaluit
622 830 838 921 Solis,
877 861 1269 935 coenumque
1303 833 1581 936 udaeque
1618 835 1897 938 paludes

251 950 640 1023 Intumuere
675 965 874 1038 aestu3
909 949 1326 1051 fecundaque
1359 950 1609 1024 semina
1639 980 1896 1043 rerum,

2028 965 2059 992 Q

251 1063 482 1138 Vivaci
515 1063 772 1146 nutrita
807 1062 955 1138 solo
974 1119 993 1154 ‚
1029 1093 1149 1140 ceu
1181 1067 1411 1139 matris
1446 1066 1518 1139 in
1554 1065 1702 1140 alvo
2297 1095 2400 1164 420

254 1183 650 1271 Creverunt,
687 1182 1054 1283 faciemque
1085 1182 1376 1284 aliquam
1410 1213 1643 1285 cepere
1679 1184 2024 1259 morando.

251 1299 362 1375 Sic
395 1300 522 1374 ubi
554 1299 849 1375 deseruit
878 1299 1183 1374 madidos
1213 1301 1643 1402 septemfluus
1678 1329 1875 1396 agros

246 1415 446 1492 Nilus
469 1472 490 1506 ‚
529 1433 597 1491 et
625 1416 908 1517 antiquo
946 1444 1066 1490 sua
1096 1415 1373 1492 flumina
1405 1417 1698 1492 reddidit
1729 1417 1915 1493 alveo
1937 1474 1958 1508 ‚

247 1531 696 1633 AEtherioque
729 1559 958 1608 recens
993 1533 1235 1606 exarsit
1264 1531 1476 1606 sidere
1509 1531 1751 1623 limus;

248 1648 549 1722 Plurima
582 1646 877 1723 cultores
914 1648 1123 1723 versis
1156 1633 1465 1723 animalia
1497 1648 1716 1745 glebis
1980 1637 2003 1650 “
2290 1638 2393 1744 425

243 1766 637 1857 Inveniunt3
667 1783 737 1840 et
769 1765 841 1838 in
871 1764 978 1839 his
1018 1763 1319 1866 quaedam
1349 1764 1554 1838 modo
1593 1782 1846 1866 empta,
1885 1766 2012 1840 sub
2040 1766 2264 1868 ipsum

243 2006 300 2044 lx
315 2030 329 2044 .
353 1992 437 2043 25.
455 1988 634 2041 Etiam
658 1987 874 2041 Aristot-
897 1987 970 2040 H.
993 1985 1059 2039 A.
1084 1985 1157 2053 V,
1182 2004 1266 2058 19,

1367 1989 1528 2042 soetus‘
1546 1987 1662 2041 illos
1685 1988 1853 2042 alebat
1876 2009 1938 2043 ex
1970 2000 2152 2044 mente
2180 1990 2393 2046 Lucret.

241 2068 409 2139 placet
436 2107 450 2135 ,
487 2067 632 2121 nasci
669 2064 909 2120 animalia
946 2083 1010 2117 ex
1047 2083 1181 2133 aqua
1215 2074 1270 2117 et
1368 2063 1417 2118 d.
1442 2066 1475 2117 l.
1504 2065 1588 2119 Cf.
1611 2066 1847 2119 Laetam.
1876 2067 2045 2121 Instit.
2072 2068 2160 2134 11,
2197 2089 2271 2122 ιι.

239 2146 538 2200 soliscalore
553 2183 570 2211 ,
587 2155 749 2198 vento
762 2142 987 2212 adjuvan
996 2152 1063 2196 te.
1079 2142 1268 2196 Talem

241 2223 662 2293 procreationem
680 2221 923 2275 describit
948 2221 1156 2274 Lucret.
1180 2221 1262 2287 V,

242 2305 507 2375 793-815;
530 2320 692 2372 quem
712 2302 809 2355 loc.
827 2319 947 2355 cum
965 2299 1066 2353 hoc
1079 2311 1264 2353 nostro

237 2382 494 2433 conseras.
512 2380 700 2448 Neque
723 2378 919 2430 mirum
937 2388 1015 2430 est
1031 2415 1047 2444 ,
1073 2376 1261 2446 cupide

237 2458 494 2514 Nostrum
515 2458 628 2512 baec
642 2458 918 2528 arripuisse
938 2497 954 2524 ‚
979 2458 1144 2527 iisque
1160 2457 1261 2510 im·

237 2549 504 2592 moratum
530 2556 672 2604 esse,
705 2536 770 2589 ad
798 2535 1055 2607 Pythonis
1087 2535 1260 2605 origi-

236 2635 361 2669 nem
384 2613 768 2685 expediendam
788 2653 802 2680 ,
832 2632 991 2683 quem
1017 2611 1102 2666 alii
1125 2624 1257 2666 tan-

233 2705 346 2748 tum
372 2694 506 2749 terri
573 2711 699 2746 uam
721 2703 924 2746 vocant.
947 2719 1013 2732 -—
1027 2694 1259 2745 Debersis

232 2765 482 2814 nahella
520 2765 675 2813 omnir
688 2799 702 2821 ,
733 2758 936 2811 diversa
950 2757 1256 2811 animalium

231 2859 424 2909 genera
442 2879 460 2906 ,
506 2856 737 2908 quorum
774 2835 1056 2890 discrimen
1077 2837 1256 2905 forma

228 2930 452 2983 maxime
478 2926 541 2980 fit
563 2927 919 2996 conspicuum.

290 3010 349 3074 41
361 3027 407 3077 7.
426 3007 616 3074 Sponte
627 3024 749 3066 sna,
783 3003 895 3057 sine
915 3003 1117 3056 semine
1136 3004 1253 3057 ani-

224 3084 378 3152 mali,
413 3103 518 3137 nec
551 3080 916 3136 intercedente
951 3100 1111 3150 opera
1146 3081 1252 3135 Dei

223 3175 316 3217 ant
341 3162 578 3217 hominis
608 3161 839 3229 alicujus.
865 3187 934 3200 —-
966 3162 1124 3214 Vetus
1142 3163 1254 3213 ku-

221 3258 354 3304 ιισν,
381 3258 519 3311 aqua
545 3238 612 3292 ab
637 3236 882 3292 eluvione
911 3237 968 3290 in
994 3236 1118 3291 locis
1144 3237 1252 3291 de·-

221 3320 408 3389 presuis
425 3318 641 3372 relicta:
662 3320 731 3369 ab
748 3334 958 3369 eausam
972 3315 1245 3385 exprimit,

220 3416 318 3468 per
339 3416 504 3469 quam
531 3395 596 3449 fit
617 3393 812 3464 aliquid
830 3433 845 3461 ,
880 3404 941 3448 ut
963 3413 1087 3447 mox
1109 3396 1202 3463 431
1224 3434 1242 3464 ,

219 3477 302 3530 lv
322 3518 339 3546 ,
369 3482 468 3533 282
486 3517 502 3544 ,
526 3483 674 3530 satos
693 3478 761 3528 ab
787 3479 951 3528 1'mbn’.

282 3559 318 3623 4
326 3557 399 3610 18.
412 3558 688 3611 Percalue't.
700 3552 862 3607 Multi
876 3556 1114 3607 Incaluit.
1123 3554 1246 3608 Me-

213 3633 317 3689 dic.
324 3639 609 3703 pree-aluit.
633 3661 702 3674 —
725 3634 906 3689 Nostri
924 3651 1052 3688 vero
1070 3632 1246 3687 codd.

203 3718 481 3780 percaluit.

280 3793 401 3864 419.
439 3792 724 3844 [abnuere
745 3830 760 3854 ‚
796 3789 959 3842 veluti
995 3789 1245 3843 mulieres

209 3869 465 3940 gravide.
489 3870 691 3923 Eadem
719 3869 1065 3940 comparatiO,
1093 3870 1206 3923 Vll
1225 3908 1242 3938 ,

216 3947 324 4000 126
339 3985 354 4013 ,
373 3956 428 4000 et
451 3946 656 4001 Lucret.
678 3949 749 4016 V,
771 3950 869 4001 805
894 3965 1005 4016 sqq.
1019 3987 1035 4014 ,
1058 3967 1244 4001 cresce-

205 4023 896 4083 tabutata-nveneradaekibus
903 4028 1245 4094 aptis-Semi-

203 4128 284 4162 na
296 4125 481 4168 utun,
500 4107 667 4176 prima
682 4107 988 4160 animalium
1001 4106 1243 4159 stamina.

273 4189 396 4254 ⁴20.
436 4187 604 4239 Virm-
632 4184 685 4238 h.
717 4183 746 4238 l.
782 4184 920 4254 quod
941 4185 1104 4238 vitam
1122 4184 1241 4249 dat,

198 4264 467 4316 belebend.
511 4263 657 4317 Raro
691 4263 764 4316 ita
799 4263 1042 4315 occurrit.
1074 4259 1244 4313 Terra

198 4352 396 4396 antem
430 4340 657 4395 humore
681 4340 913 4410 quodum
937 4339 1055 4395 lacti
1086 4338 1244 4394 simili

415 4442 576 4512 III.

1436 2144 1549 2210 421.
1573 2146 1778 2198 Faciem
1791 2147 2033 2213 aliquam,
2059 2147 2285 2199 sormam
2304 2168 2397 2201 ex-

1363 2237 1595 2290 pressam
1634 2221 1871 2276 animalis
1909 2223 2181 2292 cujusdam
2222 2244 2234 2278 :
2263 2228 2391 2278 Ho-

1362 2297 1720 2366 minis-faciem
1742 2318 1934 2356 sumere
1959 2313 2037 2355 est
2056 2341 2071 2368 ,
2102 2302 2210 2357 Vll
2226 2343 2241 2371 ,
2281 2304 2391 2359 126.

1357 2390 1426 2423 ·'-
1446 2383 1705 2452 Ale‘qnam.
1731 2382 1864 2437 Obr.
1891 2383 2027 2438 Cod.
2050 2390 2225 2439 aliam.

1425 2464 1537 2528 422.
1569 2461 1893 2530 Septemfluus
1927 2466 2092 2516 Nilus.
2132 2464 2390 2535 Exemplo

1356 2537 1586 2592 declarat
1604 2579 1619 2605 ,
1660 2540 1863 2609 reliqua
1887 2540 2131 2596 animalia
2153 2562 2215 2595 ex
2247 2554 2389 2598 terra

1353 2627 1541 2685 sponte
1563 2617 1717 2670 fuisse
1742 2629 1888 2683 orta;
1916 2619 2064 2672 Nilus
2082 2631 2261 2673 autem
2279 2621 2387 2674 flu-

1353 2694 1466 2747 vius
1508 2734 1523 2762 ,
1598 2695 1813 2765 singulis
1874 2696 2165 2765 quibusque
2232 2698 2385 2753 aunis

1352 2773 1649 2845 AEgyptum
1660 2774 1945 2842 inundans,
1958 2775 2257 2828 soecundam
2271 2796 2382 2830 non

1350 2851 1522 2904 solum
1542 2853 1939 2906 frumentorum
1956 2892 1970 2918 ,
1995 2852 2085 2905 sed
2110 2854 2381 2907 variorum

1351 2943 1562 2998 quoque
1589 2930 1897 2982 animalium
1911 2948 2029 2982 eam
2046 2927 2236 2983 reddit.
2252 2930 2381 3000 Sep-

1351 3007 1600 3060 temfluus
1630 3006 1825 3061 idcirco
1856 3007 2048 3062 dicitur
2080 3006 2220 3076 quod
2243 3029 2378 3080 sep-

1349 3097 1459 3142 tem
1508 3085 1649 3142 osltiis
1694 3090 1750 3141 in
1790 3105 1938 3141 mare
1983 3087 2231 3158 erumpit.
2277 3092 2380 3144 Ed.

1349 3165 1574 3233 Noster,
1598 3163 1688 3219 lib.
1715 3166 1786 3233 V,
1820 3167 1932 3237 187,
1957 3171 2290 3236 septemplex,
2324 3179 2384 3222 et

1347 3241 1496 3314 Virg.
1514 3243 1726 3298 AEneid.
1746 3243 1826 3298 Vl
1841 3284 1856 3311 ,
1874 3245 1974 3296 800
1989 3284 2004 3311 ,
2028 3252 2378 3312 septemffeme-

1343 3339 1453 3376 nus.
1469 3350 1535 3362 -
1549 3323 1794 3391 Antiquo,
1814 3341 1993 3392 quem,
2010 3333 2132 3375 aute
2148 3322 2376 3377 inunda-

1343 3400 1546 3455 tionem
1566 3441 1581 3469 ,
1604 3401 1937 3470 sequebatur.
1964 3401 2102 3454 Vide
2128 3420 2284 3471 supra
2303 3401 2371 3454 ad

1340 3497 1476 3535 vers.
1504 3482 1613 3534 116.
1635 3482 1824 3551 Pomp.
1850 3481 2026 3547 Mela,
2054 3481 2113 3547 I,
2141 3497 2199 3534 lx
2219 3520 2234 3548 ,
2262 3480 2325 3533 32
2353 3500 2367 3535 ε

1340 3562 1435 3612 ubi
1447 3561 1601 3613 Nz'lus
1625 3578 1684 3611 se
1705 3563 1815 3611 sibi
1830 3561 2062 3611 reddMe’t.

1407 3637 1520 3703 424.
1543 3638 1821 3689 AElhen‘um
1832 3639 1992 3697 sidus,
2009 3633 2085 3687 sol
2099 3633 2153 3686 iu
2171 3631 2368 3688 aethere

1339 3732 1634 3782 suspensus.
1650 3713 1832 3783 Eurip.
1855 3713 2050 3767 Electr.
2070 3712 2167 3779 465
2185 3731 2197 3764 :
2214 3715 2371 3783 ἅςρων

1341 3797 1442 3847 αἲθέ
1470 3816 1532 3846 τοι
1570 3800 1715 3861 χοροί.
1753 3793 1967 3855 limus,
2020 3809 2181 3860 quem
2215 3789 2370 3845 Nilus

1341 3889 1404 3923 ex
1427 3818 1695 3941 ffithiopia
1728 3889 1908 3924 secum
1942 3870 2061 3922 sert.
2099 3867 2221 3922 Vid.
2255 3867 2369 3921 Se-

1340 3969 1471 4006 neca
1508 3951 1630 4005 Nat.
1667 3951 1869 4020 Quaest.
1895 3951 1979 4005 IV
1999 3991 2014 4019 ,
2044 3970 2071 4001 2
2093 3989 2107 4015 ,
2143 3960 2199 4002 et
2232 3949 2395 4019 Ver-b

1340 4031 1551 4083 mt’scbte
1570 4033 1853 4099 Beytraege
1882 4048 1977 4082 zur
1995 4031 2196 4098 physic.
2220 4026 2371 4079 Erd-

1342 4109 1530 4159 bescbr.
1582 4107 1965 4173 Brundenburg.
2032 4105 2157 4174 1773
2183 4144 2200 4174 ,
2251 4123 2369 4174 pag.

1414 4263 1529 4329 426.
1576 4264 1856 4316 Inveniunl.
1900 4261 2190 4332 Disputaut
2240 4261 2372 4315 lntt.

1341 4340 1484 4396 unde
1500 4341 1772 4412 pendeant
1794 4342 1956 4397 verba
1965 4345 2059 4397 sub
2073 4348 2235 4410 ipsum
2250 4359 2378 4395 nas-¹·

2010 4513 2017 4520 ·
2061 4470 2101 4535 7
