3217 5134
782 520 917 607 384

1322 521 1402 587 P.
1480 519 1855 589 OVIDII
1913 518 2370 590 NASONIS

782 660 1005 734 Prima
1039 655 1223 732 dedit
1252 655 1521 754 fruges,
1556 657 1999 764 alimentaque
2029 661 2220 737 mitia
2255 662 2489 751 terris;

781 776 1009 852 Prima
1042 773 1229 850 dedit
1257 774 1439 873 leges
1469 806 1485 849 ε
1522 777 1782 853 Cereris
1817 806 2050 853 sumus
2084 778 2311 853 omnia
2340 804 2629 867 munus;

778 891 907 969 Illa
939 892 1232 968 canenda
1263 892 1430 967 mihi
1465 911 1609 968 est:
1640 895 1902 970 utinam
1930 894 2136 970 modo
2171 894 2387 971 dicere
2420 926 2694 999 possem

785 1012 1095 1088 Carmina
1128 1010 1332 1109 digna
1356 1011 1547 1085 Deae!
1584 1029 1759 1087 certe
1792 1014 1935 1087 Dea
1963 1011 2250 1089 carmine
2284 1012 2486 1110 digna
2521 1034 2645 1101 φῖ.

2830 1037 2920 1106 ³4⁵

780 1129 991 1202 Vasta
1019 1125 1346 1224 giganteis
1378 1126 1623 1226 injecta
1657 1145 1762 1202 est
1792 1125 2014 1201 insula
2046 1127 2366 1203 membris

786 1243 1123 1319 Trinacris
1143 1299 1162 1332 ‚
1195 1260 1266 1318 et
1295 1242 1558 1340 magnis
1597 1243 1978 1343 subjectum
2008 1241 2302 1317 molibus
2332 1259 2530 1340 urget

790 1360 1126 1436 AEtherias
1166 1387 1401 1434 ausum
1440 1387 1706 1462 sperare
1740 1358 2067 1462 Typhoea
2096 1360 2304 1434 sedes·

786 1577 910 1612 vere
933 1597 949 1625 ,
973 1556 1029 1611 id
1053 1567 1131 1611 est
1151 1596 1167 1623 ,
1194 1574 1343 1610 arare
1370 1555 1611 1611 instituit.
1633 1559 1809 1611 mm·

789 1657 898 1691 rere
922 1644 1103 1689 tettan
1126 1635 1285 1689 etiam
1302 1674 1319 1701 ,
1358 1634 1554 1706 Georg.
1581 1636 1638 1689 11
1656 1675 1673 1703 ,
1699 1637 1814 1690 513.

787 1716 1048 1778 -Hilim
1079 1712 1217 1768 culta
1241 1754 1256 1781 ,
1292 1733 1459 1784 quum
1477 1724 1634 1769 antea
1651 1713 1810 1784 glau-

789 1795 943 1849 dibus
976 1805 1317 1849 vescerentur
1350 1793 1613 1850 homines.
1640 1795 1774 1849 ΜἸε
1793 1835 1809 1860 ,

788 1873 1000 1943 proprie
1026 1871 1092 1928 de
1115 1874 1351 1945 frugibus
1372 1873 1526 1930 cultis
1547 1884 1604 1929 et
1625 1882 1815 1927 matu-

786 1955 998 2009 ritatem
1019 1956 1370 2025 consequutis.
1393 1983 1462 1997 —
1480 1956 1687 2017 Sanus,
1714 1973 1813 2025 pro

791 2032 993 2104 vulgari
1015 2038 1165 2093 sunt,
1204 2052 1267 2087 ex
1298 2031 1728 2104 Berneggeriano
1759 2041 1813 2085 et

790 2130 902 2165 uno
925 2111 1318 2182 Hamburgensi
1334 2150 1351 2178 ,
1378 2110 1468 2180 qui
1489 2129 1589 2181 pro
1610 2108 1814 2164 diversa

788 2187 1012 2243 lectione
1037 2188 1196 2243 babet
1214 2228 1230 2255 ,
1255 2188 1455 2257 recepit
1472 2185 1816 2242 etillustravit

794 2267 1049 2321 Heinsius
1070 2268 1161 2337 qui
1180 2265 1356 2321 laudat
1378 2267 1536 2321 Pont.
1561 2266 1587 2320 1
1606 2306 1624 2333 ,
1646 2265 1728 2319 El.
1759 2285 1780 2318 1
1799 2304 1814 2332 ,

794 2364 998 2412 quornm
1030 2364 1203 2398 snmus
1231 2350 1432 2405 omia,
1469 2355 1524 2398 et
1551 2344 1689 2398 infra
1724 2345 1776 2398 X
1798 2383 1815 2411 ,

797 2421 860 2473 32
876 2461 892 2487 ,
917 2426 1086 2477 omnia
1108 2425 1341 2475 debemur
1363 2425 1537 2485 vobis,
1582 2422 1674 2476 ubi
1697 2421 1816 2476 vide

798 2510 966 2554 notas.
1004 2498 1113 2553 Sed
1155 2499 1407 2568 quoniam
1447 2517 1545 2553 nos
1583 2499 1680 2570 ipsi
1717 2499 1819 2553 boc

799 2578 914 2632 loco
948 2598 1059 2633 non
1102 2580 1159 2633 in
1203 2577 1300 2631 illis
1337 2582 1567 2633 onniboe
1590 2598 1774 2635 sumus
1799 2619 1817 2647 ,

798 2669 1076 2728 propterea
1100 2658 1404 2727 pmserrem
1426 2664 1570 2721 sunt,
1598 2657 1700 2712 nisi
1729 2657 1818 2711 al·-

799 2746 914 2790 tera
938 2736 1092 2790 lectio
1118 2736 1323 2790 doctior
1350 2746 1484 2791 esset
1509 2775 1526 2803 ,
1567 2756 1730 2806 quam
1758 2747 1819 2790 ut

799 2833 830 2867 a
853 2813 1064 2869 librario
1085 2813 1339 2885 proficisci
1362 2814 1607 2884 potuerit.
1633 2813 1819 2869 Codex

803 2892 998 2964 Regius
1013 2894 1060 2949 A
1080 2894 1239 2949 habet
1251 2901 1373 2949 suu!
1382 2911 1402 2961 ‚·
1429 2892 1613 2949 Codex
1631 2894 1677 2948 Β
1695 2933 1710 2959 ,
1727 2914 1820 2947 su-

797 2990 925 3025 mus.
945 3000 1011 3013 --
1026 2973 1245 3037 Munna·
1270 2972 1394 3026 hinc
1413 2976 1649 3043 menfica
1666 2971 1819 3026 dicta.

800 3050 873 3104 Et
910 3050 1161 3121 quoniam
1197 3050 1513 3121 agricultura
1542 3061 1622 3104 est
1657 3050 1818 3103 veluti

797 3137 970 3180 mater
1014 3131 1177 3195 legum
1215 3128 1443 3182 civilium
1477 3168 1493 3196 ,
1542 3138 1819 3198 propterea

805 3203 970 3258 Ceres
991 3204 1151 3258 etiam
1171 3200 1381 3273 leg’istta
1394 3246 1408 3267 ,
1435 3210 1730 3283 Βεσμοςεὸρκ.

856 3282 972 3350 345.
983 3284 1159 3351 Digna
1170 3284 1309 3336 Dee.
1326 3281 1516 3351 Quum
1527 3293 1682 3337 antea
1698 3282 1818 3336 ede·

800 3380 858 3415 re
866 3371 951 3414 tur
961 3364 1121 3429 digna
1135 3362 1251 3413 Dea
1266 3359 1356 3430 (et
1375 3360 1447 3414 sic
1461 3361 1620 3414 habet
1636 3358 1820 3414 Codex

803 3440 999 3510 Regius
1025 3436 1145 3508 A),
1175 3437 1457 3507 Heinsius,
1482 3458 1545 3492 ex
1569 3438 1820 3510 Berneg-

803 3519 1018 3589 ger-iano
1046 3516 1259 3587 aliisque
1288 3516 1525 3588 plurimis
1546 3556 1561 3583 ,
1589 3516 1820 3586 pretulit

803 3599 928 3650 Dee
959 3605 1014 3650 et
1049 3596 1260 3649 monuit
1291 3595 1428 3650 hanc
1458 3614 1642 3649 vocem
1671 3614 1820 3665 posse

803 3677 989 3730 referri
1006 3674 1071 3730 ad
1084 3679 1280 3739 de‘cem5
1310 3675 1556 3745 idemque
1576 3674 1642 3729 ad
1661 3674 1819 3728 Trist.

806 3755 909 3820 IV,
925 3768 996 3806 111
1009 3792 1024 3818 ,
1045 3756 1128 3823 57,
1143 3753 1377 3823 exempla
1397 3753 1682 3824 congessit,
1701 3752 1823 3822 qui-

804 3832 900 3885 bus
929 3835 979 3886 23
1000 3835 1180 3899 damus
1211 3830 1519 3899 adjunctum
1542 3830 1637 3884 sibi
1665 3830 1822 3883 babet

803 3929 981 3965 casum
1001 3908 1309 3963 secundum.

870 3987 984 4055 346.
996 3989 1159 4041 Vasta
1166 3989 1418 4055 legante&
1429 3985 1822 4042 &efferi-arum

804 4076 982 4120 motus
1019 4076 1074 4120 et
1118 4065 1583 4119 subterraneorum
1618 4065 1823 4135 ignium

804 4143 1127 4212 explosiones
1142 4143 1434 4214 gigantibus
1450 4153 1602 4196 terrae
1617 4142 1823 4196 inclusis

805 4220 1035 4273 tribuere
1054 4220 1251 4274 solebat
1273 4220 1505 4274 sabulosa
1522 4221 1822 4291 antiquitas,

804 4298 1014 4372 physica
1038 4300 1145 4352 sere
1172 4298 1519 4368 phaenomena
1549 4318 1610 4353 ex
1643 4298 1823 4355 sabulis

1905 1556 2182 1629 explicans.
2210 1556 2290 1611 Ac
2312 1556 2500 1612 Sicilie
2530 1557 2751 1628 quidem
2768 1600 2785 1625 ,
2810 1580 2924 1613 us·

1909 1643 2000 1700 te,
2027 1636 2269 1689 maximo
2292 1636 2349 1689 in
2375 1637 2510 1689 mari
2536 1636 2924 1692 Mediterraneo

1909 1716 2112 1775 tksulae,
2151 1711 2347 1767 Grecis
2376 1731 2406 1765 a
2433 1712 2599 1767 tribus
2628 1725 2927 1783 promonto-

1907 1789 1998 1842 riis
2015 1793 2231 1866 ,ἄκραιὴ
2260 1791 2516 1843 Τι-ὀπασηῖι·
2532 1789 2715 1856 dicte,
2743 1792 2926 1846 Noster

1910 1867 2222 1941 AEscbylum
2251 1869 2432 1921 Prom.
2470 1869 2564 1922 351
2584 1908 2601 1935 ,
2644 1870 2926 1924 Pindarum

1911 1946 2137 2014 Od.IV‚
2169 1968 2247 2014 ιο,
2265 1956 2518 2017 sequutus
2540 1947 2720 2002 tamh.
2735 1948 2924 2019 [qnam

1912 2025 2015 2092 IV,
2033 2025 2170 2079 Fast.
2187 2028 2279 2096 491
2301 2065 2317 2092 ,
2342 2035 2396 2078 et
2417 2025 2471 2079 11
2488 2066 2504 2092 ,
2533 2027 2696 2080 Pont.
2713 2044 2781 2080 111
2796 2068 2812 2096 ,
2836 2028 2892 2081 23
2907 2067 2922 2093 ,

1918 2105 2203 2175 Typhoeum
2231 2103 2439 2172 subjicit
2459 2142 2474 2169 ,
2523 2105 2613 2174 qui
2634 2144 2650 2170 ,
2684 2125 2844 2175 quum
2872 2105 2922 2160 in

1912 2182 2171 2236 acerrimo
2208 2201 2332 2236 cum
2366 2182 2504 2235 Jove
2543 2182 2684 2237 bello
2725 2183 2925 2238 tandem

1913 2259 2200 2314 fulminum
2216 2260 2267 2312 vi
2287 2261 2500 2314 territus
2516 2280 2613 2331 per
2637 2280 2784 2316 mare
2811 2263 2924 2317 Me·

1914 2336 2274 2392 diterraneum
2313 2340 2495 2409 sugere
2539 2340 2810 2409 eoepisset,
2841 2340 2924 2394 bat

1912 2415 2082 2470 insula
2121 2436 2152 2471 a
2171 2417 2319 2473 ..Jove
2353 2417 2574 2471 obrutus
2610 2419 2924 2475 credebatur.

1914 2493 2093 2565 Atque
2116 2494 2189 2549 ita
2210 2495 2370 2549 etiam
2386 2494 2656 2551 Nicander
2673 2496 2811 2566 apud
2823 2496 2928 2550 An-

1913 2582 2025 2628 ton.
2049 2573 2136 2626 lib.
2160 2590 2372 2638 xxv1113
2400 2573 2642 2643 Apollod.
2666 2575 2724 2641 1,
2750 2591 2811 2627 vx
2827 2614 2844 2641 ,
2869 2576 2928 2639 3;

1914 2653 2115 2726 Hygin.
2131 2654 2232 2708 sab.
2252 2673 2271 2706 ι
2281 2656 2362 2706 52.
2378 2652 2682 2707 Secundum
2697 2653 2927 2708 Homer.

1915 2742 2092 2785 autem
2116 2729 2263 2785 Iliad.
2285 2732 2331 2786 Β
2349 2771 2365 2798 ,
2398 2732 2494 2801 783
2512 2772 2527 2798 ,
2550 2730 2630 2785 ille
2656 2735 2712 2783 1·ae
2736 2732 2935 2785 Anam}

1914 2808 2081 2877 iacet,
2107 2808 2161 2863 id
2186 2818 2295 2877 est,
2323 2809 2486 2881 gelin
2518 2808 2696 2863 Cilicia
2715 2850 2733 2877 ,
2757 2810 2842 2863 vel
2876 2810 2930 2863 in

1915 2885 2084 2959 Syria.
2129 2885 2238 2941 Sed
2266 2886 2480 2941 Arimos
2505 2907 2673 2957 quum
2696 2889 2932 2942 nonnulli

1914 2964 1971 3018 in
2011 2964 2301 3019 Pithecusis
2340 2965 2524 3020 insulis
2562 2986 2730 3037 prope
2763 2966 2931 3020 Mise-

1913 3060 2049 3095 num
2068 3041 2682 3114 collocarent,Virgilius,
2697 3044 2821 3097 AEn.
2837 3044 2927 3109 lx,

1919 3122 2014 3190 715
2032 3158 2047 3187 ,
2074 3138 2236 3173 unam
2263 3139 2325 3173 ex
2348 3120 2445 3174 illis
2481 3121 2804 3195 Prochytam
2837 3140 2932 3175 no-

1917 3200 2152 3255 minavit.
2168 3199 2303 3254 Vide
2320 3201 2394 3254 ibi
2410 3202 2616 3274 Heynii
2631 3203 2756 3257 Exc-
2771 3205 2934 3255 Ence-

1915 3282 2035 3333 lado
2053 3279 2274 3334 AEtnam
2295 3283 2746 3354 superimponunt
2768 3283 2934 3354 Orph.

1920 3356 2113 3426 Quint.
2151 3358 2367 3433 Smyr-n.
2414 3377 2511 3414 xlv
2538 3402 2553 3429 ,
2581 3365 2715 3425 582;
2756 3361 2934 3431 Virgil.

1919 3435 2133 3491 AEneid.
2150 3438 2266 3506 111,
2287 3442 2386 3509 578
2403 3480 2419 3508 ,
2444 3451 2499 3494 et
2514 3441 2616 3496 alii.
2640 3439 2934 3495 Commode

1916 3527 2094 3571 autem
2110 3517 2302 3572 Noster
2315 3538 2434 3573 rem
2445 3538 2669 3573 omnem
2685 3540 2716 3573 a
2727 3522 2945 3591 Typhoea*

1914 3595 2165 3666 supplicio
2202 3608 2256 3651 et
2289 3598 2518 3652 motibus
2551 3600 2777 3668 repetit;
2815 3616 2939 3651 enm

1917 3673 2064 3726 enim
2104 3673 2271 3728 Pieris
2295 3686 2350 3737 et
2380 3676 2629 3730 carminis
2655 3677 2738 3730 sui
2775 3694 2938 3746 argu·

1917 3761 2162 3805 mentum
2179 3753 2402 3821 fecerat,
2429 3765 2483 3808 et
2505 3754 2635 3809 salso
2656 3755 2713 3808 in
2738 3755 2940 3807 honore

1917 3841 2178 3900 posuerat.
2205 3858 2269 3870 —
2286 3828 2483 3895 Moles,
2514 3844 2727 3887 montes
2759 3844 2818 3886 et
2839 3852 2942 3903 op·—

1917 3907 2040 3977 pida
2059 3947 2075 3975 ,
2119 3918 2179 3961 ut
2203 3928 2357 3963 versu
2390 3911 2519 3977 354,
2557 3915 2790 3964 tenoh‘re‘
2811 3930 2946 3979 poa·—

1918 3989 2039 4039 dem
2080 3993 2233 4041 terre.
2271 4015 2339 4028 ——
2373 3989 2598 4057 Speram.
2646 3987 2906 4043 Nonnulli
2925 4027 2944 4055 ,

1915 4072 2169 4133 spectum,-
2194 4066 2445 4121 Heinsius
2469 4067 2699 4121 malebat
2721 4073 2943 4135 spiare.

1919 4143 1975 4197 id
1992 4154 2098 4209 est,
2117 4143 2387 4213 afficiare,
2407 4144 2550 4214 quod
2570 4145 2753 4199 multis
2763 4165 2946 4199 exem·

1919 4220 2015 4289 plis
2038 4221 2223 4290 probat
2246 4244 2261 4286 ς
2291 4222 2482 4276 eodem
2503 4242 2659 4276 sensu
2675 4262 2692 4289 ,
2721 4224 2747 4277 1
2767 4262 2785 4290 ,
2813 4227 2906 4277 152
2928 4262 2946 4287 ,

1918 4320 2118 4368 regnum
2169 4300 2420 4371 affectare
2478 4307 2675 4357 celeste
2707 4321 2729 4370 ,·
2791 4303 2946 4373 Regii
