3217 5134
737 558 821 604 20
1506 538 2079 608 PRAEFATIO

732 675 905 752 sedis
921 674 1193 754 celestis
1220 676 1571 779 descriptio
1589 734 1609 767 ,
1638 706 1760 753 nec
1779 676 2159 781 quisquam,
2190 677 2289 752 IV
2308 733 2327 766 ,
2372 676 2508 779 787
2538 705 2723 779 sqq„
2757 672 2872 753 illa

888 872 1180 954 Eripuisse
1208 885 1377 954 caput
1411 872 1563 934 collo
1584 916 1602 949 ‚
1636 874 1954 956 pennisque
1987 873 2243 958 fugacem

888 973 1147 1054 Pegason
1172 983 1233 1032 et
1258 971 1484 1033 fratrem
1504 1015 1524 1049 ,
1552 972 1744 1033 matris
1777 972 1848 1033 de
1876 974 2149 1058 sanguine
2184 984 2347 1035 natos
2363 1015 2383 1050 ,

725 1151 865 1227 sine
907 1150 1187 1231 aliorum
1227 1170 1572 1226 auctorum
1616 1151 1995 1251 adjumento
2042 1147 2388 1252 intelliget-
2443 1153 2665 1229 Etiam
2710 1154 2870 1230 alibi

722 1280 987 1357 festinat
1013 1278 1240 1369 nimis,
1275 1279 1654 1382 omittitque
1685 1308 1822 1354 non
1850 1276 2209 1354 omittenda
2228 1337 2250 1369 ,
2287 1278 2465 1356 unde
2497 1281 2872 1358 obscuritas

724 1408 956 1483 oritur.
985 1449 1065 1462 —
1085 1408 1219 1493 IX,
1248 1403 1383 1477 165
1402 1461 1421 1494 ,
1441 1434 1579 1479 non
1598 1422 1870 1507 apparet
1885 1461 1904 1492 ,
1928 1435 2062 1508 quo
2081 1404 2281 1481 modo
2297 1386 2617 1483 Hercules
2632 1467 2651 1497 ,
2678 1392 2868 1485 factis

719 1532 790 1606 in
820 1531 1094 1607 Euboeae
1124 1529 1582 1632 promontorio
1611 1528 1812 1603 sacris
1830 1587 1849 1617 ,
1891 1520 2110 1603 OEtm
2146 1530 2423 1605 vocibus
2455 1531 2592 1606 suis
2626 1531 2903 1636 imple-‚

722 1656 906 1730 verit.
941 1655 1286 1730 Interdum
1309 1683 1446 1729 non
1479 1654 2062 1757 satisoperpendit,
2101 1666 2246 1755 quae
2275 1652 2608 1730 scriberet.
2664 1699 2744 1712 —
2780 1659 2862 1745 1,

723 1808 867 1884 270
887 1840 906 1870 ,
943 1810 1150 1884 quum
1184 1799 1356 1856 terra
1387 1779 1635 1855 diluvio
1669 1768 1977 1855 vastanda
2010 1798 2212 1869 esset,
2246 1779 2372 1855 Iris
2401 1810 2607 1883 aquas
2630 1811 2670 1856 a
2696 1799 2876 1856 terra·

720 1905 987 1996 haurit,
1012 1935 1177 2008 quas
1203 1903 1276 1979 in
1308 1923 1548 1980 terram
1580 1904 1901 1980 demittat.
1945 1946 2023 1961 --
2057 1906 2201 1994 ΙΠ,
2238 1907 2324 1998 41
2366 1934 2513 2007 sqq.
2535 1963 2556 1996 ,
2596 1933 2869 2007 serpens

717 2032 1052 2109 immensis
1096 2031 1377 2108 saltibus
1411 2031 1589 2134 ‚petit
1630 2060 1743 2108 eos
1765 2087 1785 2120 ,
1844 2031 1960 2132 qui
1995 2030 2296 2132 proxime
2341 2031 2624 2105 stabant.
2677 2030 2866 2106 Idem

717 2188 907 2234 versu
941 2155 1035 2252 43
1054 2215 1074 2248 ,
1107 2157 1307 2232 media
1320 2159 1472 2259 plus
1484 2173 1669 2260 par-te
1697 2173 1927 2231 erectus
1950 2157 2013 2231 in
2044 2184 2231 2232 auras
2248 2155 2540 2257 Despicit
2559 2184 2733 2231 omne
2759 2186 2867 2231 ne-

717 2311 851 2358 mus
864 2313 893 2371 ;
939 2282 1057 2357 sed
1086 2309 1279 2357 versu
1312 2283 1446 2383 94,
1482 2300 1666 2357 totus
1698 2283 1945 2385 pendet
1976 2283 2048 2357 in
2086 2283 2346 2357 arbore.
2401 2325 2479 2338 -
2513 2283 2619 2372 V,
2673 2281 2817 2356 228
2840 2340 2860 2371 ‚

717 2410 995 2484 Perseus
1026 2407 1278 2485 Phinea
1317 2436 1581 2483 saxeum
1620 2434 1878 2508 semper
1913 2406 2095 2481 domi
2132 2406 2414 2509 spectari
2446 2405 2590 2481 vult
2625 2437 2664 2483 a
2695 2436 2864 2482 con-

715 2534 870 2634 juge
890 2590 909 2623 ,
942 2559 1119 2634 ⁴quae
1154 2560 1310 2606 vero
1338 2560 1494 2606 mox
1532 2530 1842 2607 relictura
1875 2550 2015 2606 erat
2049 2531 2317 2607 domum
2362 2550 2716 2634 paternam.
2780 2575 2858 2588 -

719 2659 885 2747 XII,
920 2656 1065 2730 620
1084 2712 1105 2746 ,
1139 2657 1428 2731 Somnus
1456 2655 1730 2731 inlecto
1762 2655 2166 2733 decumbens
2185 2673 2439 2758 pectora
2461 2659 2728 2758 percutit
2749 2687 2866 2732 nu-

716 2783 887 2857 tanti·
915 2798 1131 2857 mento.
1189 2784 1397 2858 Mitto
1444 2782 1765 2858 dictiones
1814 2783 2317 2885 improbandae,
2374 2802 2489 2873 ut,
2529 2785 2631 2874 V,
2682 2783 2864 2877 426,

716 2906 1144 2980 inconsolabile
1183 2908 1449 2994 vulnus,
1505 2905 1967 3008 repetitionem
2010 2908 2301 3009 ejusdem
2347 2907 2653 2983 vocabuli
2696 2907 2871 2983 inter

717 3063 1080 3138 paucorum
1107 3062 1416 3109 versuum
1445 3032 1804 3123 ambitum,
1840 3053 1906 3108 et
1936 3033 2143 3110 multa
2171 3033 2316 3110 alia.
2345 3033 2531 3110 Talia
2556 3034 2869 3110 excidunt

716 3162 835 3251 iis,
873 3161 989 3263 qui
1023 3189 1139 3236 sua
1169 3188 1304 3236 non
1334 3157 1566 3235 sedulo
1593 3160 1998 3261 conquirunt
2018 3216 2037 3249 ,
2071 3159 2187 3236 sed
2217 3188 2253 3233 e
2282 3158 2458 3235 felici
2488 3160 2735 3258 ingenii
2762 3164 2869 3237 sui

718 3282 879 3362 vena
898 3343 915 3377 ,
954 3286 1139 3388 quasi
1167 3302 1414 3360 stantes
1444 3285 1610 3386 pede
1638 3285 1709 3358 in
1739 3315 1874 3360 uno
1893 3342 1913 3376 ,
1947 3285 2255 3360 fundunt.

817 3412 1072 3513 Ingenii
1100 3440 1255 3514 pars
1301 3439 1375 3486 ea
1397 3468 1415 3501 ,
1471 3439 1668 3511 quam
1706 3409 1903 3512 paulo
1938 3427 2088 3485 ante
2135 3411 2489 3512 descripsi,
2537 3411 2758 3486 statim
2793 3409 2864 3486 in

719 3536 1047 3640 principio
1088 3535 1392 3613 carminis
1428 3535 1682 3611 emicat.
1735 3534 1840 3609 Ibi
1883 3563 2017 3608 non
2052 3561 2265 3608 veram
2299 3534 2484 3610 rudis
2516 3534 2711 3611 molis
2740 3566 2864 3611 na-

722 3680 936 3737 turam
964 3662 1162 3737 nobis
1193 3661 1476 3764 explicat
1496 3718 1515 3751 ,
1559 3663 1677 3738 sed
1714 3681 2044 3737 externam
2080 3692 2299 3738 rerum
2337 3683 2404 3739 et
2441 3666 2863 3742 confusarum

721 3805 788 3861 et
826 3804 1055 3889 postea
1086 3786 1552 3889 dispositarum
1590 3786 1868 3865 formam
1911 3788 2200 3862 ostendit
2220 3844 2240 3878 ,
2295 3788 2661 3889 acriterque
2707 3817 2861 3865 sen-

726 3910 1009 3990 tiendam
1040 3910 1375 4014 proponit.

879 4097 1092 4160 Nullus
1118 4096 1301 4159 adhuc
1333 4096 1549 4158 mundo
1576 4093 1864 4179 praebebat
1897 4093 2109 4155 iumina
2137 4096 2348 4171 Titan,

881 4198 1007 4257 Nec
1036 4218 1185 4258 nova
1208 4194 1512 4257 crescendo
1543 4192 1833 4275 reparabat
1864 4212 2079 4254 cornua
2110 4191 2315 4256 Phaebe
2335 4237 2354 4265 ,

881 4296 1004 4359 Nec
1032 4292 1375 4356 circumfuso
1408 4292 1687 4375 pendebat
1712 4292 1775 4355 in
1796 4312 1919 4356 aere
1948 4293 2116 4356 tellus
