3217 5134
662 554 1706 639 METAMQRPHOSEON
1752 560 1946 629 L‘IB.
2008 561 2068 628 1.

2352 558 2440 656 57

300 701 562 801 Sponte
582 728 752 788 .sua,
786 699 928 774 sine
964 698 1108 795 lege
1128 756 1146 787 ,
1179 698 1380 775 fidem
1406 720 1793 804 rectumque
1827 702 2111 778 colebat.
2379 743 2448 797 9⁰

296 817 503 890 Poena
535 833 889 916 metusque
918 815 1234 904 aberant3
1272 846 1395 892 nec
1423 818 1628 892 verba
1654 817 1934 892 minacia
1962 818 2098 893 fixo

296 934 456 1007 AEre
490 931 919 1027 legebantur;
956 960 1079 1006 nee
1109 930 1396 1033 supplex
1427 934 1627 1008 turba
1658 933 1982 1008 timebant

297 1046 556 1122 ,Iudicis
590 1077 705 1121 ora
738 1047 844 1123 sui
876 1077 893 1121 ι
931 1047 1049 1122 sed
1077 1065 1266 1123 erant
1303 1048 1444 1124 sine
1473 1048 1696 1149 judice
1734 1049 1884 1124 tuti.

296 1262 476 1317 Status
492 1263 789 1333 primorum
812 1263 1094 1318 hominum
1110 1275 1320 1319 natum-

292 1344 355 1399 lis
379 1343 694 1398 describitur
710 1385 724 1401 .
747 1344 911 1414 qualis
933 1366 980 1399 v.
1002 1365 1046 1399 c.
1068 1345 1172 1399 vita
1192 1344 1317 1418 Cy-

293 1426 507 1494 elopum
533 1423 674 1493 apud
701 1425 926 1479 Homer.
968 1425 1075 1480 od.
1102 1419 1137 1480 l'
1165 1465 1181 1493 ,
1225 1427 1319 1479 106

295 1523 409 1574 sqq.
427 1544 445 1569 ‚
472 1514 630 1573 atque
662 1505 823 1559 etiam
847 1504 1003 1560 hodie
1027 1507 1317 1561 multarum

295 1583 533 1652 gentium
558 1583 915 1638 barbararum.
949 1583 1057 1638 Sed
1080 1604 1317 1640 accesse-

294 1672 421 1714 runt
437 1661 641 1716 colores
655 1662 872 1735 mythici
889 1674 944 1718 et
955 1664 1159 1734 poetici.
1175 1665 1316 1719 vide

292 1759 449 1810 super
469 1739 571 1793 hac
599 1760 659 1793 re
683 1740 1141 1811 philosophantem
1164 1740 1317 1795 Posi-

291 1815 515 1870 donium
535 1836 615 1886 ap.
635 1816 821 1872 Senec.
842 1818 940 1888 Ep.
954 1838 1037 1891 9⁰·
1053 1847 1120 1860 -
1134 1820 1312 1882 AElas,

292 1914 459 1964 genus
470 1891 770 1949 hominum.
792 1894 902 1950 Cic.
927 1897 994 1950 N.
1019 1895 1088 1950 D.
1109 1897 1190 1958 11,
1212 1895 1278 1949 63
1297 1936 1313 1964 ,

288 1993 490 2029 aureum
510 1993 687 2041 genus.
712 1973 896 2044 virgil.
922 1974 1030 2029 Ecl.
1059 1973 1141 2029 {V
1158 2015 1173 2043 ,
1208 1995 1317 2027 an-

290 2071 373 2103 tea
403 2071 565 2120 gens,
615 2072 677 2105 ex
703 2051 924 2107 Hesiod.
965 2058 1154 2128 χρύσεον
1180 2056 1316 2121 γίνος.

290 2126 439 2199 virg.
464 2128 663 2200 Georg.
689 2130 744 2182 11
762 2168 789 2195 y
807 2130 903 2183 538
922 2168 937 2196 ,
977 2130 1111 2183 adeo
1135 2149 1316 2183 aureus

288 2208 550 2272 Saturnus,
572 2209 668 2263 sub
685 2228 791 2279 quo
808 2228 969 2263 aurea
991 2220 1127 2263 aetas.
1147 2210 1319 2262 Nem·-

286 2305 347 2353 pe
362 2306 525 2339 autea
539 2287 959 2355 prestantissima
984 2304 1205 2356 quaeque
1231 2285 1311 2340 di-

286 2364 437 2418 citur.
474 2365 600 2418 Hoc
636 2365 797 2436 igitur
833 2365 1107 2436 epitheton
1142 2386 1310 2436 quum

284 2443 471 2510 primae
506 2443 646 2497 aetati
669 2442 854 2497 datum
880 2455 1049 2512 esset,
1096 2446 1310 2515 reliqum

287 2519 578 2574 deteriores
612 2521 759 2575 facile
798 2542 956 2576 suum
988 2542 1189 2578 nomen
1221 2524 1312 2577 in-

285 2612 578 2665 venerunt;
602 2621 905 2671 quanquam
919 2606 1112 2657 ahenea
1129 2614 1184 2658 et
1191 2602 1312 2671 fin*-

282 2702 367 2735 rea
378 2683 546 2736 etiam
565 2684 631 2737 ab
645 2684 805 2739 armis
826 2683 1038 2738 aheneis
1051 2694 1106 2739 et
1127 2684 1309 2739 ferreis

283 2759 383 2813 dici
422 2771 731 2830 potuerunt.
768 2789 835 2804 --
883 2765 1095 2817 Vindio-e
1127 2765 1267 2815 nullo
1289 2802 1303 2824 ,

283 2840 502 2892 nemine
545 2840 741 2895 scelera
788 2850 1081 2895 coercente.
1120 2839 1308 2911 virgil.

282 2917 498 2974 AEneid.
526 2918 638 2974 VII
660 2958 675 2988 ,
716 2920 812 2974 203
837 2940 850 2973 :
882 2921 1093 2974 Saturni
1111 2928 1305 2986 genten

281 2999 427 3051 baud
464 3001 638 3051 w‘nclo
697 3017 793 3051 nec
832 3001 1027 3066 legibus
1071 3017 1263 3067 equam
1284 3037 1300 3062 ,

282 3077 464 3144 Sponte
478 3095 579 3129 sua
599 3081 876 3144 velertssque
892 3078 1068 3130 Deise
1086 3095 1222 3129 more
1237 3083 1304 3129 Ie·

280 3162 489 3207 nentem.
515 3153 576 3207 ld
598 3165 775 3207 autem
794 3153 923 3207 dum
944 3154 1138 3208 Noster
1153 3153 1305 3213 latius

282 3241 503 3286 tractare
536 3232 701 3285 voluit
719 3273 735 3301 ,
775 3233 967 3302 ineptae
990 3231 1303 3303 garrulitatis

281 3311 581 3381 exemplum
593 3308 1298 3365 dediLEranthominessine

279 3388 500 3459 legibus,
523 3408 635 3442 non
654 3389 964 3443 metuebant
983 3406 1192 3459 poenam
1212 3387 1300 3441 le-

279 3488 423 3538 gum,
440 3487 559 3521 non
578 3467 822 3538 legebant
834 3468 972 3539 leges
992 3469 1298 3538 propositas,

279 3557 429 3600 erant
451 3548 568 3600 sine
596 3545 770 3616 judice
792 3586 808 3612 ‚
843 3566 955 3599 non
992 3548 1300 3601 metuebant

275 3623 509 3691 judicem
524 3662 542 3690 ,
564 3623 660 3678 sed
681 3634 834 3678 erant
855 3625 966 3679 sine
992 3623 1163 3694 judice
1183 3626 1297 3679 tuti.

276 3703 399 3758 Hoc
412 3722 542 3757 vero
554 3714 633 3758 est
644 3705 856 3773 garrire!
874 3703 1143 3758 Ceterum
1160 3705 1299 3757 simi·

274 3779 393 3834 liter
408 3782 881 3836 vetustissimorum
892 3782 1174 3835 bominum
1190 3800 1301 3834 mo·

272 3871 523 3913 resnotat
533 3859 771 3927 Tacitus‚·
790 3860 978 3914 Annal.
994 3860 1078 3914 lib.
1099 3860 1201 3923 111,
1219 3860 1295 3913 25.

340 3957 422 4008 9¹·
446 3940 557 3993 Nec
566 3942 798 3991 verbam..
813 3942 1101 4006 legebantur
1114 3980 1127 4000 ‚
1153 3957 1299 3991 non-

270 4012 407 4067 dum
437 4014 577 4085 leges
609 4015 725 4069 latae
761 4027 928 4070 erant.
967 4015 1136 4069 Erant
1169 4036 1296 4087 ergo

269 4094 493 4162 ἆᾶὲμιςοι
509 4134 525 4160 ,
548 4104 606 4147 ut
632 4093 890 4166 Cyclopes
908 4094 1047 4164 apud
1070 4096 1294 4149 Homer.

269 4170 320 4225 d.
344 4172 377 4226 Ι.
392 4192 407 4225 z
424 4174 489 4226 cs.
505 4173 713 4227 Platon.
735 4173 800 4227 de
825 4173 983 4244 Legg.
1001 4173 1085 4226 III
1102 4212 1116 4240 ,
1143 4174 1257 4229 init.
1278 4213 1293 4243 ,

267 4265 322 4307 et
356 4252 577 4308 Aristot.
604 4254 737 4324 Rep.
776 4270 799 4307 1
826 4294 841 4322 ,
892 4276 936 4307 2.
962 4253 1127 4323 Leges
1145 4264 1297 4307 vocat

270 4334 455 4401 (etiam
474 4333 528 4384 V
545 4374 561 4401 ‚
587 4334 708 4407 669)
726 4339 874 4389 verba
892 4340 1116 4389 minacia
1129 4377 1143 4399 ,
1173 4334 1297 4404 quia

1414 1285 1593 1337 poenas
1617 1266 1907 1321 minantur.
1937 1268 2041 1321 Hae
2066 1268 2203 1338 apud
2229 1270 2439 1325 Roma-

1414 1365 1513 1399 nos
1535 1345 1592 1399 in
1615 1352 1767 1399 aencelr
1793 1346 1979 1400 tabulis
2001 1346 2177 1401 incisa}
2199 1349 2256 1402 in
2276 1348 2441 1419 Capi-

1415 1423 1576 1485 tolio,
1622 1433 1714 1476 aut
1743 1424 1844 1477 alio
1876 1425 1992 1478 loco
2030 1425 2271 1495 publico,
2290 1430 2441 1496 fige-

1413 1507 1611 1567 bantur,
1632 1523 1728 1558 seu
1744 1504 2112 1575 affigebantur,
2129 1505 2441 1575 undefiger'e

1412 1585 1547 1651 leges
1569 1592 1627 1636 et
1642 1586 1837 1654 nfigem
1854 1624 1870 1652 ,
1898 1603 1996 1654 pro
2030 1585 2169 1638 serre
2195 1596 2249 1638 et
2270 1585 2436 1638 abro-

1414 1683 1537 1733 gare
1554 1704 1569 1731 ,
1597 1676 1656 1718 ut
1679 1665 1743 1718 ab
1766 1665 2013 1719 omnibus
2036 1669 2324 1733 legerentur.

1478 1762 1557 1815 9²·
1577 1744 1907 1811 Legebantur.
1927 1746 2246 1812 ligabantur
2257 1754 2438 1797 tuetur

1412 1818 1634 1874 Juretus
1656 1820 1720 1873 ad
1744 1820 2045 1892 symmach.
2067 1822 2151 1888 11,
2179 1820 2276 1890 Ep.
2297 1836 2436 1883 x111;

1413 1898 1600 1967 probat
1622 1909 1677 1952 et
1700 1898 1953 1952 Brodaeus
1975 1898 2176 1953 Miscel.
2202 1897 2316 1964 lv,
2345 1918 2403 1950 ια
2418 1937 2434 1962 ,

1414 1985 1474 2028 ut
1495 1974 1558 2028 ad
1582 1975 1733 2029 illum
1753 1996 1963 2030 morem
1978 1977 2301 2046 respiciatur,
2328 1993 2435 2044 quo

1413 2053 1601 2107 tabule
1624 2051 1802 2124 legum
1827 2054 2205 2125 affligebantur.
2236 2054 2309 2106 At
2331 2052 2435 2106 hoc

1412 2130 1522 2199 jam
1558 2131 1698 2187 inest
1729 2132 1786 2185 in
1803 2136 1937 2201 fixo,
1989 2131 2236 2186 Alterum
2273 2131 2434 2202 igitur

1414 2208 1666 2263 Heinsius
1695 2229 1756 2263 ex
1786 2210 2025 2280 Excerpt.
2055 2210 2295 2265 Vatican.
2324 2209 2435 2263 Ca-

1408 2285 1549 2340 land.
1584 2288 1617 2340 3
1643 2329 1660 2358 ,
1698 2289 1944 2344 Mediceo
1983 2301 2036 2345 et
2071 2307 2181 2343 uno
2216 2290 2428 2343 Bonon.

1406 2366 1650 2434 praetulit.
1663 2395 1731 2409 —·
1746 2368 1962 2437 Supplex
1986 2372 2135 2422 turba
2167 2377 2295 2421 sunt
2316 2367 2428 2432 rei,

1407 2463 1701 2515 eorumque
1734 2448 1885 2502 amici
1904 2487 1920 2515 ,
1961 2447 2051 2517 qui
2092 2446 2345 2502 sordidati
2373 2457 2430 2500 et

1405 2525 1575 2577 matti
1607 2544 1818 2579 causam
1849 2545 1999 2579 suam
2028 2525 2337 2580 defendunt.
2359 2551 2427 2566 —-

1404 2601 1625 2669 Simplex
1651 2607 1798 2656 turba
1812 2645 1827 2667 ‚
1867 2602 2007 2673 quod
2055 2602 2190 2657 Cod.
2227 2603 2427 2657 Douzae

1404 2687 1458 2731 et
1480 2679 1715 2750 quinque
1745 2682 1954 2735 Heinsii
1975 2681 2251 2748 exhibent,
2270 2682 2425 2735 Bur-

1403 2775 1633 2811 mannus
1655 2759 1823 2828 aptius
1851 2760 2113 2830 judicabat
2138 2770 2195 2814 et
2217 2778 2426 2813 conve-

1400 2833 1634 2890 nientius
1657 2835 1944 2908 integritati
1972 2838 2117 2891 aurei
2139 2838 2314 2895 seculi.
2346 2839 2421 2891 At

1399 2912 1443 2966 si
1469 2912 1570 2966 hoc
1606 2917 1850 2983 praeseras
1870 2956 1885 2983 ,
1916 2916 2091 2984 major
2117 2916 2280 2969 etiam
2319 2915 2421 2969 erit

1399 2989 1685 3060 tautologia
1713 2990 1833 3059 illa,
1873 3010 2032 3062 quam
2066 2993 2125 3045 in
2161 2992 2302 3046 notis
2332 2993 2423 3044 vi-

1400 3068 1773 3137 tuperavimus.
1811 3070 1955 3123 Male
1987 3071 2148 3124 etiam
2184 3082 2307 3125 aetas
2333 3070 2421 3124 illa

1397 3152 1544 3201 turba
1558 3160 1852 3205 vocaretur.

1463 3229 1543 3301 93.
1568 3230 1685 3281 Sine
1697 3230 1893 3296 jude'oe.
1915 3229 2174 3285 Nonnulli
2197 3250 2259 3284 ex
2284 3236 2416 3284 'me-

1396 3304 1611 3359 lioribus
1625 3311 1738 3359 acme
1747 3310 1971 3373 vindice,
1993 3307 2136 3378 quod
2155 3308 2419 3378 improbat

1397 3382 1585 3439 Heius.
1601 3384 1724 3454 quia
1739 3424 1755 3452 ,
1781 3406 1912 3439 vers.
1935 3389 2030 3459 89,
2055 3389 2255 3439 minda-e
2268 3403 2416 3455 prae-

1395 3464 1546 3518 cessit
1562 3486 1576 3529 ;
1598 3483 1718 3534 quae
1732 3485 1884 3519 causa
1896 3466 2042 3518 nulla
2057 3475 2134 3518 est
2148 3485 2162 3528 ;
2182 3483 2413 3533 namque

1393 3543 1497 3597 hoe
1508 3545 1620 3614 ipso
1634 3565 1784 3599 versu
1799 3545 2045 3615 praecedit
2059 3556 2113 3599 et
2118 3547 2331 3612 judei-is.
2349 3573 2416 3586 -

1393 3623 1513 3675 Sine
1532 3624 1726 3690 judice.
1760 3623 1871 3676 Diu
1911 3622 2144 3678 dubitavi
2171 3665 2187 3693 ,
2227 3635 2412 3679 utrum

1392 3705 1503 3753 sine
1524 3704 1724 3754 vinde'ce
1737 3742 1750 3761 ‚
1783 3720 1851 3753 an
1872 3707 1985 3755 sine
1993 3703 2175 3769 judt'ce
2195 3706 2414 3774 preser-

1393 3798 1523 3833 rem.
1537 3778 1750 3832 Praetuli
1765 3778 1981 3834 tandem
1995 3783 2251 3850 posterius
2265 3801 2414 3852 :prm-

1392 3858 1541 3913 cessit
1558 3900 1573 3926 ,
1600 3878 1711 3912 non
1730 3871 1882 3914 erant
1906 3859 2127 3929 judicia3
2152 3873 2292 3917 recte
2314 3863 2415 3932 igi-

1393 3949 1485 3991 tur
1504 3939 1808 4007 subjicitur,
1828 3940 1919 3994 sed
1939 3953 2092 3994 erant
2105 3944 2217 3995 sine
2235 3943 2412 4011 judice

1392 4019 1493 4072 tuti
1512 4038 1528 4083 3
1558 4021 1850 4090 presertim
1866 4041 2033 4091 quum
2052 4020 2276 4076 Ovidius
2300 4041 2412 4075 voc.

1390 4097 1694 4167 precedens
1709 4100 1849 4152 varie
1868 4110 2106 4169 repetere
2120 4098 2283 4155 soleat
2300 4138 2315 4166 ,
2340 4109 2412 4152 at·

1390 4196 1493 4247 que
1518 4177 1570 4232 h.
1596 4177 1629 4232 l.
1651 4196 1774 4231 cum
1791 4179 1841 4229 vi
1856 4180 2138 4247 repetitum
2155 4176 2409 4233 videatur.

1398 4259 1625 4319 Vindex,
1665 4255 1707 4310 si
1732 4256 1847 4325 quis
1879 4256 1935 4309 id
1959 4257 2133 4319 malit,
2164 4268 2334 4329 potest
2356 4268 2411 4312 et

1389 4334 1455 4389 de
1479 4334 1653 4404 judice
1679 4344 1732 4388 et
1758 4335 1822 4389 de
1848 4334 2122 4391 defensore
2148 4339 2275 4407 capi.
