3217 5134
765 599 802 635 2
1548 566 2109 634 PRAEFATIO

757 740 918 807 rago
944 710 1116 787 facta
1137 728 1241 787 est
1265 737 1423 812 pars
1447 737 1590 783 non
1623 709 1862 806 exigua
1887 707 2284 783 eruditionis
2324 707 2735 794 Graecorum,
2768 733 2899 806 qua

760 842 1008 943 passim
1049 869 1281 917 omnes
1314 868 1528 943 prope
1562 839 1957 941 scriptores,
1991 838 2424 942 philosophi,
2458 836 2752 940 physici,
2791 865 2901 910 as-

760 974 1052 1049 tronomi
1072 1030 1091 1061 ,
1128 973 1493 1077 geographi
1542 973 1616 1049 in
1659 1002 1798 1048 rem
1831 1001 2022 1049 suam
2073 989 2232 1047 sunt
2275 970 2382 1045 usi
2413 1001 2429 1045 z
2467 987 2667 1072 atque
2701 968 2902 1044 etiam

754 1106 1034 1182 artifices
1067 1106 1335 1209 mythos
1369 1105 1691 1209 operibus
1719 1105 1858 1180 suis
1891 1120 2381 1206 expresserunt.
2420 1109 2456 1145 *

856 1240 1256 1314 Persuasum
1278 1255 1419 1314 erat
1448 1238 1729 1329 Graecis,
1751 1265 1955 1340 posse
1984 1238 2166 1312 Deos
2191 1237 2438 1333 figuras
2472 1235 2625 1312 dare
2660 1253 2729 1310 et
2759 1235 2904 1310 adi-

758 1399 976 1458 mere;
1036 1370 1238 1473 idque
1271 1370 1506 1445 crebro
1539 1396 1680 1444 esse
1717 1368 1801 1443 ab
1838 1369 1923 1443 iis
1955 1367 2204 1443 factum
2229 1412 2286 1456 ‚·.
2298 1385 2378 1442 ut
2419 1366 2522 1443 vel
2564 1368 2636 1442 in
2670 1386 2901 1442 sontes

757 1503 1373 1592 animadverterent,
1396 1500 1500 1577 vel
1526 1500 1996 1577 laborantibus
2019 1521 2480 1577 succurrerent
2503 1531 2519 1575 :
2541 1531 2740 1604 quam
2761 1503 2904 1603 opi·

759 1637 1034 1709 nionem
1067 1662 1106 1707 a
1139 1633 1599 1709 sacerdotibus
1621 1689 1639 1722 ,
1689 1633 1863 1709 fictis
1909 1633 2221 1736 pluribus
2269 1633 2619 1736 exempliS,
2655 1634 2904 1709 confir-

761 1789 1005 1846 matam
1041 1800 1187 1846 esse
1220 1769 1555 1873 latiusque
1584 1798 1882 1873 sparsam
1917 1769 2279 1846 admodum
2301 1788 2407 1845 est
2433 1769 2768 1846 credibile.
2793 1772 2905 1845 Sic

760 1905 1008 2006 mythis
1033 1904 1232 1980 illatae
1251 1922 1412 1979 sunt
1434 1902 1962 2005 metamorphoses,
1995 1932 2141 2006 quae
2164 1904 2530 2007 phantasiae
2554 1921 2914 2007 poetarum·

759 2035 971 2113 latum
992 2065 1300 2139 campum
1327 2036 1884 2140 praesternebant,
1916 2066 2125 2140 quum
2157 2036 2258 2111 illi
2290 2055 2359 2112 et
2380 2035 2682 2134 vulgatas
2712 2065 2912 2111 exon-

761 2190 1002 2245 narent
1033 2171 1512 2270 ingenioseque
1541 2169 1907 2259 variarent,
1943 2187 2013 2244 et
2050 2200 2088 2245 a
2122 2198 2190 2245 se
2224 2170 2526 2245 inventas
2562 2171 2900 2246 adderent.

760 2301 1131 2376 Simonidem
1168 2301 1438 2403 quidem
1463 2302 1751 2377 carmine
1784 2300 2022 2377 lusisse
2057 2302 2303 2376 scimus
2324 2358 2344 2392 ,
2381 2331 2516 2405 quo
2550 2301 2906 2378 mulierum

765 2432 1062 2528 origines
1090 2460 1219 2534 pro
1255 2431 1510 2528 ingenii
1536 2449 1779 2509 natura
1804 2433 2003 2507 variis
2035 2462 2116 2508 ex
2147 2435 2353 2509 rebus
2387 2434 2759 2510 deduceret.
2798 2438 2906 2509 Ex

765 2562 1247 2666 antiquissimis
1280 2562 1484 2662 hujus
1519 2563 1784 2658 generis
1817 2563 2066 2661 mythis
2101 2565 2414 2641 Homerus
2440 2565 2803 2642 nonnullos
2838 2586 2907 2642 et

767 2695 1081 2772 Hesiodus
1112 2710 1479 2771 servarunt.
1527 2692 1738 2794 Apud
1772 2690 1962 2769 illum
1991 2693 2170 2768 euim
2201 2723 2344 2769 uon
2376 2697 2583 2772 modo
2619 2700 2907 2774 Proteus

765 2829 1183 2906 transformis
1210 2827 1535 2916 occurrit,
1565 2826 1679 2902 sed
1705 2844 1772 2901 et
1793 2827 1992 2902 draco
2015 2829 2320 2930 quidam,
2339 2832 2565 2906 Niobe
2584 2850 2653 2906 et
2678 2832 2909 2907 Phaea-

769 2994 921 3041 cum
946 2965 1132 3039 navis
1155 2963 1228 3037 in
1251 2991 1437 3052 saxa,
1473 2961 1797 3037 Pandarei
1818 2980 2041 3038 autem
2067 2963 2202 3040 filia
2223 2966 2295 3041 iu
2320 2965 2667 3043 lusciniam
2693 2987 2908 3044 trans-

767 3099 920 3174 iisse
951 3095 1287 3192 leguntur.
1318 3098 1403 3169 lu
1435 3094 1720 3170 Hesiodi
1752 3076 2152 3193 The-ogonia
2184 3117 2526 3200 amputato
2565 3101 2908 3197 Gorgonis

770 3231 985 3335 capite
1021 3229 1358 3329 Chrysaor
1399 3244 1468 3303 et
1502 3228 1796 3324 Pegasus
1838 3230 2240 3332 prosiliunt,
2279 3250 2348 3307 et
2392 3234 2465 3307 in
2514 3233 2721 3309 altero
2765 3262 2909 3309 car-

771 3367 981 3456 mine,
1012 3364 1195 3467 quod
1220 3363 1306 3438 ab
1332 3364 1679 3465 Operibus
1705 3366 2100 3467 inscriptum
2125 3385 2257 3455 est,
2286 3368 2650 3445 Pandionis
2675 3369 2810 3447 filia
2837 3371 2908 3446 in

770 3500 1195 3575 hirundinem
1220 3496 1747 3572 transformatur.
1764 3500 1988 3598 Atque
2006 3497 2179 3572 idem
2199 3497 2310 3573 ille
2327 3501 2398 3574 in
2418 3502 2740 3599 Catalogo
2762 3533 2912 3578 mu-

772 3630 1010 3708 lierum
1043 3629 1392 3733 deperdito
1434 3628 1651 3704 multo
1685 3629 1980 3731 plurium
2015 3634 2640 3735 metamorphoseon
2679 3653 2912 3710 auctor

775 3765 1008 3840 suerat.
1036 3765 1189 3837 Hoc
1215 3763 1424 3858 igitur
1445 3762 1829 3862 mythorum
1851 3791 2062 3858 genus
2091 3790 2298 3866 quum
2321 3783 2388 3838 et
2414 3766 2632 3866 ipsum
2663 3766 2911 3842 Graecis

776 3897 1094 3999 placeret,
1122 3911 1201 3968 ut
1229 3893 1346 3996 qui
1368 3893 1572 3967 rebus
1592 3891 1869 3969 ludicris
1891 3895 2308 3985 ducerentur,
2335 3897 2762 4000 prodierunt,
2794 3902 2914 4003 qui

778 4030 845 4103 id
880 4047 1298 4127 segregatum
1328 4058 1366 4102 a
1398 4025 1676 4130 reliquis
1713 4045 2087 4104 tractarent.
2128 4029 2401 4104 Con'nna
2419 4031 2688 4124 mulier,
2727 4035 2940 4134 cujus‘

845 4250 871 4278 ¹*
895 4249 1033 4302 Vide
1068 4252 1263 4320 Heyuii
1281 4248 1591 4303 Comment.
1618 4247 1683 4301 de
1716 4249 1919 4320 origine
1944 4260 1997 4304 et
2020 4251 2183 4305 causis
2205 4250 2344 4305 sabb.
2367 4251 2639 4306 Homeric.
2657 4291 2674 4319 ,
2697 4252 2754 4306 in
2780 4252 2914 4309 Nor.

785 4342 1149 4397 commentar.
1172 4341 1269 4394 vol.
1298 4340 1451 4393 vm.
1484 4340 1622 4394 Item
1640 4339 1948 4396 Commeat.
1972 4341 2037 4395 de
2063 4341 2373 4413 Apollodori
2398 4343 2644 4398 Biblioth.
