3217 5134
850 572 981 618 212

1417 547 1499 611 P.
1555 543 1910 612 OVIDII
1958 538 2416 613 NASONIS

846 687 1399 792 suppliciumque
1430 714 1628 761 suum
1664 700 1810 760 est‘:
1842 683 2140 787 quamvis
2177 701 2399 758 tamen
2433 682 2663 758 oderat
2694 682 2875 758 illam
2896 693 2924 769 ‚'

844 811 1129 886 Talibus
1164 809 1380 884 adfata
1415 826 1517 883 est
1549 807 1839 882 breviter
1870 807 2182 881 Tritonia
2214 806 2411 881 dietis
2440 835 2458 880 τ

851 970 886 1001 «
929 934 1127 1009 Infice
1160 934 1311 1008 tabe
1347 951 1462 1007 tua
1494 950 1802 1007 natarum
1839 931 2158 1032 Cecropis
2193 958 2436 1021 unam3

851 1096 887 1128 »
929 1062 1039 1135 Sic
1070 1088 1241 1163 opus
1269 1078 1368 1133 est
1403 1089 1419 1133 :
1451 1057 1787 1155 Aglauros
1814 1086 1886 1131 ea
1916 1073 2037 1130 est.
2074 1090 2108 1121 >2
2139 1056 2343 1130 Haud
2370 1053 2565 1157 plura
2589 1053 2852 1145 locuta,
2882 1078 2976 1146 785

842 1184 1081 1281 Fugit,
1123 1201 1191 1259 et
1216 1183 1538 1284 impressa
1574 1179 1888 1256 tellurem'
1916 1178 2218 1281 reppulit
2245 1179 2454 1253 hasta.

840 1307 966 1384 Illa
1000 1309 1210 1381 Deam
1245 1304 1529 1407 obliquo
1562 1304 1927 1400 fugientem
1955 1302 2207 1377 lumine
2241 1328 2517 1376 cernens
2539 1356 2557 1389 ‚

845 1433 1192 1504 Murmura
1231 1454 1431 1530 parva
1464 1426 1648 1501 dedit
1677 1458 1696 1517 3
1733 1451 2325 1526 successurumque
2354 1424 2676 1498 Minervae

844 1553 1186 1642 Indoluit3
1222 1551 1672 1655 baculumque
1708 1552 1920 1653 capit3
1959 1550 2144 1653 quod
2181 1551 2413 1653 spinea
2448 1567 2668 1625 totum

845 1750 909 1805 ad
948 1748 1209 1805 Invidiam
1244 1747 1599 1801 tabescentem
1634 1744 1867 1798 transla-

844 1839 977 1884 tum.
1002 1826 1108 1882 Sed
1134 1826 1329 1880 eadem
1366 1837 1420 1879 et
1456 1830 1655 1891 σαφῆ,
1700 1840 1865 1892 quum

842 1909 907 1963 de
941 1906 1320 1962 existimatione
1357 1904 1579 1959 aliorum
1622 1901 1866 1956 detrahit.

842 1986 979 2040 Plin.
1010 1986 1037 2038 Ι
1053 2024 1067 2051 ,
1095 1984 1194 2054 Ep.
1225 1999 1299 2035 tx.

907 2065 1018 2135 782.
1033 2064 1337 2131 Supplecium
1352 2068 1447 2113 etc.
1464 2059 1717 2113 Isocrates
1728 2055 1860 2110 Eva·

843 2160 981 2213 gorae
1005 2181 1021 2208 ,
1058 2161 1168 2210 cap.
1209 2162 1271 2208 α,
1312 2135 1521 2191 invidiae
1552 2136 1654 2193 hoc
1691 2148 1861 2189 unum

837 2223 1007 2275 inesse
1034 2221 1105 2274 ait
1132 2221 1335 2273 bonum
1358 2257 1374 2286 ,
1413 2220 1481 2272 ὅτι
1509 2220 1706 2286 μίγιςον
1729 2219 1863 2268 κακόν

839 2311 932 2360 τοῖς
965 2305 1151 2368 ’ἔχουσίν
1172 2302 1289 2364 icoo.
1311 2322 1380 2338 ·-
1396 2295 1548 2347 Suum
1570 2300 1663 2346 es!-
1686 2292 1864 2346 Hein-

835 2377 941 2431 sius
967 2376 1195 2429 malebat
1224 2378 1314 2427 sue·
1341 2380 1434 2431 cst.
1468 2372 1814 2424 Burmannus
1843 2410 1859 2437 ,

838 2454 880 2509 si
906 2452 1032 2524 quid
1057 2460 1320 2517 mutaret,
1346 2448 1526 2502 mallet
1548 2451 1658 2501 sibi
1680 2455 1773 2500 est.
1795 2474 1864 2490 -

843 2534 1028 2585 Odium
1047 2528 1173 2583 illud
1200 2546 1322 2582 mox
1346 2525 1591 2597 praeclare
1616 2535 1862 2579 notatum

836 2620 891 2663 et
920 2608 1173 2662 brevitate
1209 2616 1264 2660 et
1288 2604 1594 2660 confusione
1634 2603 1863 2673 quadam

835 2689 1119 2742 verborum
1139 2726 1153 2753 ,
1182 2703 1284 2756 qua
1310 2685 1566 2752 Afflauros
1597 2701 1664 2734 ea
1696 2686 1784 2734 es!
1806 2682 1863 2734 in

839 2766 1007 2820 sunem
1025 2765 1300 2833 rejectum.
1319 2760 1577 2829 Corrupit
1596 2759 1709 2814 hnc
1724 2758 1863 2814 Rod.

830 2848 1041 2901 Hoesse
1084 2845 1175 2896 der
1221 2840 1479 2909 Aglauros
1517 2879 1531 2901 ,
1597 2842 1737 2891 einer
1778 2840 1869 2890 der

845 2924 1089 2978 Toechter
1100 2922 1191 2973 des
1212 2921 1429 2986 Cecrops
1444 2957 1458 2979 .
1484 2918 1601 2969 dein
1631 2914 1754 2984 ΟΨ
1766 2921 1864 2968 ee'n.

835 3029 903 3042 --
934 3001 1163 3053 Tritonia
1181 2996 1263 3051 vel
1281 3016 1311 3050 a
1330 3001 1467 3073 τριτὼ
1482 3033 1497 3061 ,
1517 2993 1660 3063 quod
1687 2992 1864 3064 lingua

838 3078 1067 3133 Cretum
1100 3084 1258 3145 capu!
1281 3072 1572 3146 significat;
1620 3088 1686 3127 eo
1720 3070 1862 3142 quod

838 3178 867 3212 e
894 3157 1059 3227 capite
1077 3156 1226 3209 Jovis
1251 3165 1374 3208 nata
1396 3154 1491 3216 εἰίς
1518 3152 1599 3205 vel
1626 3172 1655 3205 a
1677 3151 1864 3223 palude

841 3236 1068 3289 Tritone
1104 3233 1313 3306 Libye,
1362 3233 1508 3303 juxta
1545 3249 1706 3300 quam
1745 3242 1866 3285 nata

838 3328 915 3371 est
933 3357 948 3385 ,
976 3316 1065 3369 ubi
1085 3318 1322 3382 stagna...
1339 3317 1509 3382 quieta
1539 3314 1723 3365 Vultus
1737 3314 1872 3365 ve‘dlt

839 3416 976 3467 aqua
990 3436 1002 3457 ‚
1029 3397 1301 3462 posuitque
1318 3395 1374 3442 in
1394 3394 1621 3457 margine
1627 3392 1864 3458 plantas,

836 3478 913 3529 Et
919 3494 976 3528 se
989 3476 1178 3527 dllecta
1202 3471 1467 3523 Tritonida
1482 3472 1620 3520 dixi!
1628 3469 1694 3520 ab
1713 3470 1867 3521 unda.

840 3554 1035 3608 Lucan.
1049 3552 1137 3605 lib.
1152 3548 1234 3604 lx
1250 3589 1265 3617 ,
1285 3550 1400 3602 352.
1416 3550 1514 3601 Ed.
1535 3577 1602 3588 —
1617 3548 1701 3601 De
1718 3553 1856 3612 tabe,

830 3652 933 3687 seu
954 3647 1166 3684 veneno
1182 3668 1197 3696 ,
1225 3626 1344 3681 vide
1371 3627 1435 3680 ad
1454 3627 1569 3693 111,
1600 3630 1680 3700 49.
1698 3653 1766 3667 —-·
1782 3629 1867 3680 &c

837 3729 964 3779 opus
1000 3715 1112 3770 est,
1158 3716 1217 3760 ut
1254 3708 1314 3773 1,
1354 3725 1466 3778 279·
1508 3732 1578 3744 --
1613 3707 1869 3774 Impressae

836 3792 1018 3856 basta,
1046 3798 1106 3840 ut
1127 3786 1235 3839 vim
1263 3784 1479 3837 adderet
1503 3784 1710 3853 corpori
1730 3803 1784 3836 se
1807 3783 1864 3837 in

842 3865 1180 3921 aeratollenti
1195 3903 1209 3932 ,
1223 3873 1283 3916 ut
1295 3862 1395 3928 IV,
1415 3881 1440 3930 7
1453 3879 1512 3913 to
1526 3882 1539 3925 ς
1555 3860 1696 3914 VIII
1711 3900 1725 3927 ,
1743 3862 1860 3915 366:

837 3949 1063 4000 tellurem
1092 3946 1334 4011 reppulel',
1363 3939 1484 4009 quia
1508 3939 1617 4008 ipsa
1649 3939 1866 4008 aufugit.

838 4024 1018 4078 Poetis
1048 4021 1162 4074 loca
1198 4021 1421 4072 recedere
1454 4028 1544 4072 aut
1577 4020 1759 4084 repelli
1782 4015 1868 4069 di-

837 4110 1036 4153 cuntur
1066 4119 1096 4153 a
1120 4099 1307 4169 quibus
1336 4096 1433 4167 ipsi
1470 4095 1690 4149 abimus.
1723 4093 1865 4148 Vide

843 4177 909 4231 ad
934 4178 1013 4231 xl
1031 4218 1046 4244 ,
1073 4177 1185 4244 456.

904 4258 1015 4328 788.
1041 4259 1303 4309 Murmura
1316 4273 1493 4322 parve.
1519 4252 1707 4307 Heius.
1732 4269 1866 4305 eon-

1964 1744 2097 1799 Mox
2144 1741 2401 1796 vivianus
2445 1761 2507 1795 ex
2553 1740 2659 1796 suis
2683 1780 2699 1808 ‚
2751 1758 2986 1795 successu

1963 1843 2189 1893 namque.
2211 1822 2290 1876 lta
2310 1833 2363 1875 et
2384 1821 2583 1891 primus
2601 1818 2806 1874 Medic.
2831 1830 2891 1875 et
2912 1821 2985 1875 alii

1961 1900 2206 1956 nonnulli
2253 1899 2477 1953 Heinsii.
2515 1899 2576 1953 ld
2624 1897 2832 1953 dictum
2871 1941 2889 1968 ,
2935 1910 2984 1954 ut

1958 1980 2074 2033 vll
2090 2020 2106 2045 ,
2151 1981 2317 2031 dolui!
2349 1997 2587 2031 successu
2603 1981 2759 2047 flava
2797 1983 2985 2048 w'rago.

1962 2057 2201 2128 Quidam
2217 2077 2278 2109 ex
2299 2055 2746 2126 praestantioribus
2762 2096 2778 2123 ,
2794 2076 2984 2111 succes·

1956 2139 2100 2190 sibus
2117 2142 2268 2205 atque
2284 2145 2374 2187 aut
2386 2154 2552 2203 usque.
2579 2134 2740 2188 Prior
2761 2134 2957 2205 Regius
2969 2176 2983 2203 ,

1957 2230 2221 2268 successus
2241 2232 2465 2282 namque.
2497 2211 2690 2265 Floren
2698 2222 2734 2266 t.
2761 2212 2821 2266 S.
2846 2214 2985 2267 Mar·

1958 2292 2006 2348 ci
2024 2332 2039 2358 ,
2075 2310 2362 2345 successum
2384 2294 2569 2360 ute'que.
2593 2290 2858 2345 Heinsius
2878 2312 2984 2345 ma-

1956 2370 2018 2424 lit
2043 2389 2107 2424 ex
2129 2368 2504 2423 emendatione
2544 2367 2759 2422 Viviani
2782 2389 2984 2424 succes-

1957 2466 2221 2517 sorumque
2242 2468 2259 2500 .·
2279 2464 2519 2501 successa
2552 2446 2700 2500 enim
2725 2445 2915 2503 dixisse
2937 2460 2984 2502 et

1962 2531 2076 2585 Cic..
2099 2528 2235 2584 XVI
2253 2570 2268 2598 ,
2296 2529 2362 2583 ad
2387 2528 2509 2583 Div.
2536 2551 2593 2583 21
2620 2551 2635 2595 ς
2663 2541 2717 2584 et
2735 2551 2983 2587 successo·

1958 2629 2066 2662 rum
2085 2611 2309 2662 lrtdolul!
2323 2606 2521 2661 dictum
2538 2646 2553 2674 ,
2581 2617 2640 2660 ut
2659 2618 2882 2669 revereri
2893 2616 2987 2664 ale·-

1959 2687 2109 2758 cujus
2134 2696 2188 2740 et
2225 2682 2426 2739 similia.
2463 2713 2530 2728 ·-
2567 2683 2704 2740 Cod.
2736 2687 2874 2758 Reg.
2913 2690 2983 2755 A,

1958 2784 2225 2820 successus
2248 2772 2398 2833 atque
2420 2766 2692 2829 Mi‘nervae,·
2738 2764 2883 2820 cod.
2910 2768 2951 2821 B
2970 2808 2984 2833 ‚

1958 2844 2292 2895 successibus.
2350 2839 2595 2894 Emenda
2643 2859 2987 2895 successorum

1960 2939 2057 2989 pro
2069 2937 2417 2973 successurum
2430 2959 2444 2981 ,
2468 2917 2608 2989 quod
2624 2918 2816 2989 siquid
2830 2920 2988 2991 signi-

1962 2996 2101 3064 ficat,
2118 3006 2425 3051 contortum
2443 3007 2539 3063 est,
2554 3008 2608 3051 et
2624 2996 2855 3070 ellipsim
2871 3001 2987 3054 inu·

1958 3077 2165 3132 sitatam
2199 3077 2440 3149 postulat.
2473 3079 2573 3131 Ed.
2604 3106 2672 3119 -
2707 3080 2986 3135 Successu-

1959 3173 2160 3223 rumque
2175 3154 2435 3207 Hem-rm.
2451 3153 2684 3208 Indoluit
2700 3196 2717 3222 ,
2733 3176 2986 3212 successu·

1962 3252 2084 3287 rum
2101 3233 2363 3287 Minervae
2378 3234 2656 3289 consilium
2670 3235 2739 3289 de
2756 3236 2984 3309 Aglauro

1958 3311 2171 3365 invidia
2185 3330 2395 3367 veneno
2411 3311 2792 3366 inficienda.—
2807 3318 2986 3384 &eben

1960 3394 2196 3453 vincula,
2224 3388 2418 3458 spinae3
2443 3409 2570 3444 nam
2593 3391 2854 3463 quidquid
2874 3415 2985 3449 rem

1961 3465 2166 3535 ambit,
2215 3467 2420 3537 cingit,
2463 3471 2720 3522 w’nculum
2755 3469 2985 3538 dicitur,

1960 3546 2103 3601 unde
2127 3565 2238 3600 non
2265 3567 2385 3601 raro
2418 3546 2483 3603 de
2519 3550 2730 3604 coronis
2753 3551 2989 3620 ponitur.

1960 3624 2050 3679 Sic
2068 3625 2215 3679 facile
2238 3646 2416 3679 carere
2439 3645 2717 3699 possumus
2734 3629 2987 3683 emenda-

1960 3703 2191 3759 tionibus
2225 3704 2604 3776 Interpretum.
2643 3708 2812 3775 Spt‘nae
2841 3728 2986 3781 syrn-

1958 3782 2141 3836 bolum
2154 3783 2428 3850 cruciatus,
2447 3803 2606 3852 quem
2617 3795 2856 3837 creat—
2874 3788 2986 3841 To-

1957 3867 2064 3913 tum
2091 3879 2201 3913 non
2233 3871 2375 3914 earet
2401 3862 2450 3914 vi
2473 3903 2487 3929 ,
2523 3882 2700 3931 neque
2731 3862 2867 3917 adeo
2896 3877 2968 3918 te-

1959 3957 2106 3991 mere
2116 3937 2517 3993 sollicitandum.
2535 3938 2813 3995 Ceterum
2826 3942 2988 3997 etiam

1958 4020 2195 4069 baculum
2209 4015 2264 4069 in
2284 4036 2379 4070 usu
2397 4018 2494 4072 fuit
2508 4058 2523 4084 ,
2542 4030 2601 4071 ut
2619 4018 2778 4073 docet
2799 4021 2989 4075 Heius.

1959 4096 2024 4149 ad
2053 4097 2168 4166 687.
2192 4124 2260 4137 —-
2290 4101 2506 4150 Vincula
2538 4099 2794 4156 Heinsius
2825 4101 2990 4155 habet

1956 4184 2273 4244 suspectum.
2327 4174 2604 4230 Secundus
2637 4177 2840 4232 Medic.
2889 4199 2989 4250 pro

1957 4251 2160 4306 diversa
2184 4254 2297 4307 lect.
2326 4258 2545 4323 ce'ngula.
2571 4256 2688 4326 lpse
2717 4259 2860 4327 conj.
2883 4280 2986 4312 un·

838 4337 1061 4406 iecturat
1085 4336 1346 4388 Murmura
1369 4350 1528 4386 rauca
1542 4372 1557 4395 ‚
1598 4331 1687 4384 vel
1724 4348 1863 4384 ram.
1951 4334 2075 4398 gula
2095 4335 2351 4399 cingebat,
2384 4345 2444 4387 ut
2472 4334 2603 4403 ipsas
2625 4336 2803 4404 spinas
2829 4348 2984 4391 vocet
