3217 5134
802 548 932 613 26¹2

1343 548 1423 613 P.
1487 542 1866 613 OVIDII
1922 540 2395 614 NASONIS

809 722 845 752 »
885 689 1015 774 Et,
1054 702 1377 786 quantum
1412 703 1600 760 motu
1631 685 1911 760 formosi
1945 674 2251 787 suspicor
2288 685 2462 773 oris,

811 836 845 867 n
887 800 1113 875 Verba
1144 799 1380 887 refers,
1418 830 1609 876 aures
1642 830 1778 876 non
1814 802 2263 905 pervenientia
2298 818 2579 875 nostras

805 955 842 987 »
882 922 965 993 In
1001 937 1064 992 te
1100 946 1225 1013 ego
1262 946 1443 1008 sum,
1480 920 1697 1007 sensi;
1735 947 1859 994 nec
1890 949 1996 995 me
2027 949 2176 995 mea
2207 916 2380 993 fallit
2405 920 2635 1013 imago·
2664 948 2680 993 z

807 1073 844 1107 »
884 1042 1068 1113 Uror
1102 1068 1323 1114 amore
1357 1038 1485 1113 mei
1509 1068 1527 1127 3
1553 1037 1848 1113 flammas
1883 1064 2251 1138 moveoque
2285 1037 2578 1137 seroque.

809 1188 846 1220 »
885 1154 1073 1252 Quid
1090 1153 1370 1228 faciam?
1387 1181 1605 1248 roger,
1627 1181 1797 1229 anne
1817 1154 2095 1250 rogem?
2115 1152 2277 1254 quid
2297 1151 2535 1227 deinde
2552 1151 2946 1248 rogabo?465

807 1306 843 1337 >›
886 1270 1095 1368 Quod
1127 1271 1327 1372 cupio
1357 1299 1617 1349 mecum
1643 1288 1778 1359 est,
1814 1272 2086 1371 inopem
2112 1298 2217 1347 me
2250 1269 2447 1372 copia
2473 1268 2651 1343 fecit.

807 1421 844 1452 >v
885 1389 951 1462 Ο
984 1388 1239 1463 utinam
1264 1406 1501 1463 nostro
1538 1388 1839 1465 secedere
1875 1416 2154 1489 corpore
2188 1387 2501 1489 possem!

808 1535 849 1569 >v
884 1504 1136 1577 Votum
1157 1503 1224 1579 in
1242 1521 1499 1580 amante
1519 1531 1771 1579 novum
1788 1533 1806 1592 3
1825 1503 2084 1594 vellem,
2105 1504 2291 1606 quod
2312 1528 2631 1590 amamuS,
2647 1500 2940 1576 abesset!

808 1651 847 1686 »
885 1621 1169 1721 Jamque
1202 1620 1399 1695 dolor
1430 1619 1603 1695 vires
1639 1620 1910 1709 adimit;
1943 1650 2083 1696 nec·
2102 1637 2407 1721 tempora
2438 1618 2588 1692 vitae

808 1766 846 1799 »
884 1737 1116 1831 Longa
1149 1763 1309 1809 meae
1343 1754 1660 1838 superant
1676 1765 1705 1839 3,
1729 1735 2078 1838 primoque
2110 1737 2502 1831 exstinguor
2520 1732 2603 1817 ‘in
2636 1758 2775 1805 aevo
2799 1758 2818 1817 ;
2846 1752 2944 1820 47⁰

805 1882 844 1915 «
886 1852 1027 1924 Nec
1062 1851 1226 1927 mihi
1257 1879 1441 1927 mors
1473 1850 1690 1949 gravis
1714 1869 1817 1929 est
1845 1852 2160 1953 posituro
2195 1867 2410 1927 morte
2442 1846 2731 1921 dolores.

814 2001 848 2031 »
892 1967 1024 2040 Hic
1045 2023 1065 2055 ,
1100 1966 1214 2069 qui
1251 1964 1584 2064 diligitur,
1623 1966 1856 2043 vellem
1888 1967 2277 2043 diuturnior
2308 1980 2521 2040 esset:

811 2117 849 2151 τι
891 2086 1088 2158 Nunc
1125 2085 1262 2159 duo
1297 2083 1663 2159 concordes
1698 2084 1915 2158 anima
1942 2085 2310 2159 moriemur
2340 2081 2411 2155 in
2442 2108 2595 2153 una.
2636 2111 2671 2143 »ι

902 2199 1126 2287 Dixit,
1165 2219 1232 2275 et
1262 2199 1345 2274 ad
1379 2199 1613 2276 faciem
1639 2198 1840 2275 rediit
1869 2198 2244 2279 malesanus
2281 2193 2577 2272 eamdem
2605 2221 2624 2282 ;

801 2316 894 2389 Et
926 2314 1212 2389 lacrimis
1247 2316 1541 2391 turbavit
1572 2343 1818 2417 aquas;
1857 2316 2277 2417 obscuraque
2311 2330 2500 2388 moto

2844 2328 2939 2399 47⁵

803 2431 1092 2506 Reddita
1132 2432 1344 2505 forma
1379 2431 1526 2506 lacu
1560 2450 1665 2506 est
1693 2464 1709 2507 ε
1742 2463 1940 2536 quam
1976 2462 2185 2535 quum
2216 2431 2494 2505 vidisset
2531 2427 2718 2503 abire
2743 2482 2763 2514 ,

800 2620 994 2675 blande
1020 2640 1074 2673 se
1098 2620 1328 2674 invicem
1349 2620 1620 2676 intuentes
1646 2624 1823 2678 oculos

804 2710 1059 2765 movent,
1084 2718 1247 2769 osque
1271 2698 1529 2754 diducunt
1555 2700 1621 2753 ad
1643 2702 1827 2755 subri-

806 2777 1044 2833 dendum
1066 2817 1080 2843 ‚
1124 2775 1318 2831 Graecis
1351 2787 1429 2831 est
1457 2783 1825 2854 σκαρθαμυγμὸς.

807 2854 915 2908 sed
941 2854 992 2907 h.
1013 2855 1042 2907 l.
1069 2873 1178 2907 non
1202 2854 1301 2907 nisi
1324 2854 1387 2907 ad
1413 2855 1689 2909 oculorum
1715 2876 1830 2909 mo-

805 2944 921 2987 tum
947 2932 1218 2987 retulerim
1239 2971 1255 2999 ,
1278 2932 1400 3002 quia
1418 2934 1675 3001 risusjam
1693 2954 1831 3004 μνε-

805 3014 969 3066 cessit.
993 3015 1154 3067 Forte
1177 3022 1356 3066 tamen
1382 3023 1589 3083 praestat
1614 3034 1674 3068 ex
1698 3014 1828 3084 plu-

803 3093 950 3147 rimis
973 3100 1110 3146 nutu.
1147 3093 1248 3158 IV,
1272 3094 1338 3146 6³
1374 3113 1387 3147 :
1416 3101 1540 3147 nutu
1574 3098 1829 3164 sigmquue

803 3174 1080 3236 loquantur.
1108 3169 1224 3221 Art.
1261 3168 1436 3223 Amat.
1462 3170 1486 3223 1
1517 3209 1534 3237 ,
1564 3171 1658 3223 138
1681 3190 1694 3223 ε
1722 3174 1829 3225 Nec

804 3251 906 3298 tibi
923 3266 1020 3312 per
1053 3252 1204 3298 nulus
1238 3250 1536 3313 accept'enda
1572 3256 1697 3301 nola
1735 3255 1828 3301 est.

806 3324 885 3378 Ibi
901 3342 1111 3392 quoque
1127 3341 1236 3375 non
1255 3323 1353 3376 nisi
1371 3343 1506 3376 unus
1521 3329 1689 3378 m‘clas
1700 3344 1829 3394 pre·

801 3404 920 3455 sert.
935 3430 1006 3441 —
1023 3405 1369 3456 Pmemantea
1386 3421 1534 3454 aures
1549 3442 1561 3461 ,
1594 3402 1831 3472 intellige

806 3486 890 3535 ad.
919 3482 1070 3551 Saepe
1101 3481 1324 3534 Homer.
1358 3483 1436 3541 ’ἧκε
1451 3486 1578 3535 πέλεν
1596 3521 1611 3547 ,
1637 3482 1829 3536 omisso

811 3568 900 3623 ιὶςς
928 3561 1071 3631 quod
1095 3561 1283 3614 imitati
1306 3571 1432 3614 suut
1457 3560 1648 3615 Latini.

870 3641 981 3706 463.
1004 3643 1066 3692 In
1087 3648 1138 3692 te
1156 3660 1247 3707 ego
1268 3658 1391 3692 sum.
1420 3638 1596 3709 Vulgo
1621 3642 1716 3692 Ille
1737 3649 1829 3693 aut

805 3721 914 3787 epse
935 3738 1024 3785 ego
1044 3736 1168 3770 sum.
1204 3716 1309 3770 Sed
1340 3717 1589 3770 Heinsius
1616 3736 1676 3770 ex
1700 3718 1824 3769 Me-

808 3794 977 3860 diceo‚
996 3798 1056 3847 1ae
1078 3793 1451 3848 lea-Codices
1465 3795 1632 3847 nostri
1654 3795 1824 3862 Regii,

805 3883 914 3931 isle.
940 3904 1006 3916 —-
1029 3877 1093 3927 ln
1119 3883 1168 3929 te
1190 3896 1280 3943 ego
1298 3896 1408 3928 sum
1433 3885 1528 3928 etc.
1555 3875 1827 3928 Hactenus

803 3972 966 4007 error.
1022 3953 1101 4006 Eo
1145 3952 1413 4023 expeditus
1454 3951 1722 4005 Narcissus
1768 3952 1824 4004 in

806 4033 1224 4104 desperationem
1258 4033 1480 4087 vertitur
1500 4073 1515 4101 ,
1555 4032 1705 4102 cujus
1730 4051 1827 4085 au·-

808 4116 916 4161 tem
951 4112 1056 4163 vim
1090 4132 1198 4165 non
1222 4113 1358 4166 bene
1385 4112 1631 4183 expressit
1655 4121 1823 4181 poeta.

809 4186 1062 4240 Alienum
1089 4188 1152 4242 ab
1185 4210 1245 4243 ea
1270 4202 1349 4245 est
1373 4208 1665 4264 oxymoron
1700 4194 1827 4240 lno-

794 4284 910 4332 pem
934 4285 1010 4318 me
1032 4269 1356 4336 copebstct'l,
1397 4269 1595 4321 alienus
1620 4266 1703 4319 ille
1730 4266 1825 4319 lu-

798 4362 883 4398 sus
895 4382 910 4412 ‚
939 4346 1164 4399 Votum...
1182 4348 1386 4399 abesset
1397 4363 1417 4413 ‚·
1440 4346 1688 4414 ineptum
1703 4362 1826 4398 acu·

1923 2642 2047 2679 men
2065 2663 2080 2692 ‚
2105 2625 2211 2676 Hic
2226 2664 2239 2685 ‚
2269 2625 2600 2691 qut’de’le'gilur
2613 2631 2714 2673 etc.
2729 2647 2797 2662 —-
2815 2620 2943 2686 Quid

1921 2705 2101 2755 deehde
2131 2721 2233 2769 rog.
2257 2710 2312 2753 et
2334 2699 2376 2753 si
2412 2718 2598 2770 rogare
2635 2696 2794 2764 libet,
2822 2695 2935 2767 quid

1924 2778 2141 2834 tandem
2157 2778 2352 2848 rogabo
2371 2777 2395 2831 ἲ
2414 2805 2479 2817 -
2493 2778 2699 2845 Inopem
2711 2796 2790 2828 ne
2801 2779 2938 2842 coph

1910 2859 2060 2928 fecii.
2088 2859 2355 2913 Ausonius
2380 2858 2447 2912 de
2468 2857 2713 2911 Narcisso
2739 2875 2753 2909 ε
2778 2856 2937 2908 §Yet-

1916 2955 2063 3006 μνη
2075 2940 2247 2991 ale'unae.
2259 2953 2456 3004 posses,
2481 2936 2744 2991 Narctsstse.
2754 2935 2934 3001 potin}

1924 3034 2059 3068 nunc
2071 3018 2365 3070 Ie'be’amortk
2387 3016 2538 3065 ades!
2553 3016 2706 3080 copia
2723 3010 2939 3079 :stactus

1924 3099 2083 3148 abest.
2116 3094 2382 3163 Epigram.
2405 3096 2468 3167 95
2496 3101 2549 3146 et
2569 3092 2653 3164 96.
2678 3093 2781 3145 Ed.

1952 3220 1957 3225 .
1992 3175 2104 3241 470.
2133 3175 2398 3239 Supemnt,
2442 3180 2743 3241 supersunt.
2783 3166 2936 3239 Quod

1924 3250 2282 3321 virgilianum
2311 3259 2388 3304 est
2391 3288 2500 3304 .......
2539 3249 2820 3317 Supemlaee
2837 3290 2853 3311 ‚
2896 3254 2941 3301 el

1925 3335 2142 3383 aesct'lur
2147 3351 2276 3382 aura
2291 3334 2317 3373 Ρ
2328 3358 2396 3372 ·-
2410 3328 2582 3383 Pnho
2594 3349 2717 3391 eoo,
2727 3329 2937 3383 ineunte

1925 3418 2091 3462 aetate.
2114 3434 2182 3448 -
2206 3410 2399 3461 Anima
2415 3413 2470 3461 e'n
2493 3426 2621 3469 una,
2657 3406 2792 3460 dum
2816 3423 2938 3459 unus

1925 3485 2156 3537 animam
2176 3484 2392 3538 exhalat.
2418 3483 2638 3538 Dictum
2670 3483 2777 3537 hoc
2799 3504 2831 3538 e
2848 3501 2938 3536 ser·

1924 3580 2086 3615 mone
2110 3563 2311 3616 intimae
2334 3561 2697 3616 familiaritatis
2712 3562 2812 3616 sibi
2834 3561 2939 3614 vin-

1925 3639 2144 3694 dicantis
2181 3641 2391 3694 alterius
2425 3651 2643 3695 sortem.
2695 3640 2798 3708 lv,
2825 3639 2936 3699 1083

1925 3719 2006 3771 lx
2023 3758 2037 3785 ,
2064 3719 2188 3783 3883
2214 3719 2323 3773 XII
2338 3759 2353 3786 ‚
2378 3740 2489 3791 2²9·
2510 3716 2619 3772 Sed
2635 3718 2702 3771 ab
2718 3716 2938 3771 hocloco

1923 3795 2153 3850 alienum
2164 3808 2266 3868 gest,
2287 3797 2407 3867 quia
2421 3797 2694 3851 Narcissus
2710 3797 2818 3867 jam
2835 3813 2939 3849 seu—

1922 3886 2077 3941 serat,
2092 3876 2277 3929 umbra
2299 3894 2390 3929 sua
2410 3895 2465 3930 se
2484 3873 2939 3929 ardere.-Malim

1922 3953 2173 4022 explicare
2202 3973 2312 4007 non
2337 3954 2408 4007 illi
2444 3954 2689 4007 animum
2714 3952 2903 4007 mutari
2918 3991 2931 4017 ,

1920 4029 2042 4084 licet
2067 4051 2305 4086 errorem
2330 4031 2617 4101 agnoverit.

1986 4110 2099 4178 474.
2116 4112 2437 4171 Malea-anus,
2465 4111 2680 4162 insanus
2693 4147 2708 4176 ‚
2725 4107 2808 4161 vel
2822 4105 2936 4176 quia

1920 4185 2125 4240 redibat
2160 4186 2225 4240 ad
2267 4206 2456 4261 aquam
2496 4205 2618 4257 que
2654 4186 2929 4239 renovabat

1921 4264 2126 4319 dolores
2140 4307 2154 4332 ‚
2172 4267 2255 4320 vel
2274 4277 2490 4341 propter
2506 4285 2745 4319 amorem
2768 4266 2861 4319 sui.
2875 4289 2937 4303 --

1920 4347 2187 4418 lacrymis
2221 4343 2585 4403 incredibilem
2611 4345 2801 4401 tribuit
2821 4342 2930 4398 vim·
