3217 5134
647 507 1675 580 METAMORPHOSEON
1736 514 1936 581 LIB.
1989 515 2101 583 11.

298 652 518 734 Ardet
542 653 614 726 in
646 651 1037 726 immensum
1075 649 1425 747 geminatis
1458 649 1734 746 ignibus
1753 651 1957 727 AEtne
1976 708 1995 741 ‚

2316 518 2443 609 159

2337 692 2438 730 220

296 779 765 879 Parnasusque
795 776 1060 877 biceps,
1090 792 1159 849 et
1192 778 1405 877 Eryx,
1440 793 1508 850 et
1541 775 1881 876 Cynthus,
1919 794 1988 852 et
2021 775 2307 880 Othrya,

293 902 390 974 Et
424 899 689 974 tandem
723 896 1360 999 Rhodope'nivibus
1399 897 1712 987 caritura,
1745 899 2120 1001 Mimasque
2142 957 2162 988 ‚

296 1021 802 1123 Dindymaque,
842 1037 912 1094 et
943 1017 1241 1121 Mycale,
1276 1038 1605 1122 natusque
1639 1019 1723 1094 ad
1753 1048 1937 1096 sacra
1971 1021 2333 1098 Cithaerou.

293 1148 439 1221 Nec
469 1162 754 1247 prosunt
789 1144 1073 1246 Scythiae
1103 1172 1220 1219 sua
1253 1142 1509 1241 frigora
1543 1174 1557 1218 ε
1599 1145 1933 1220 Caucasus
1967 1146 2188 1235 ardet,

300 1273 609 1372 Ossaque
639 1299 791 1344 cum
821 1269 1078 1359 Pindo,
1114 1269 1453 1371 majorque
1492 1268 1822 1344 ambobus
1857 1268 2222 1372 Olympum
2335 1292 2434 1347 225

188 1499 197 1505 ·
296 1466 408 1522 Od.
430 1483 550 1535 ΧΠ,
573 1467 739 1537 fisqq.
763 1468 847 1522 lta
866 1468 977 1534 vl,
1007 1470 1320 1540 41526117-

294 1551 397 1601 don
409 1549 626 1600 nondun
637 1552 804 1601 huma
816 1548 1024 1611 Be‘anae,·
1046 1566 1175 1601 vers.
1190 1548 1248 1614 41
1257 1548 1289 1601 8
1299 1586 1315 1614 ,

294 1644 454 1694 neque
473 1626 646 1677 adbuc
667 1625 892 1676 theaeb
922 1625 1141 1677 Tmzen.

362 1721 478 1756 220.
514 1704 735 1770 Ιμίῦω.
768 1701 927 1755 Unus
949 1700 1160 1755 Tbuan.
1180 1705 1318 1754 ποίη·-

298 1783 428 1842 ὖιυ,
464 1779 608 1851 quod
631 1779 842 1834 librario
866 1799 977 1833 non
1003 1778 1182 1833 deberi
1204 1798 1318 1833 mo·

295 1869 392 1912 net
440 1859 627 1911 Burm-
667 1878 827 1928 quem
862 1858 996 1913 vide.
1032 1885 1101 1899 -
1135 1857 1315 1914 Nostri

295 1934 471 1990 codd.
495 1947 686 2007 prater
710 1936 950 2004 Tbuan.,
975 1936 1066 2007 qui
1090 1946 1170 1992 est
1190 1955 1314 2006 quo-

294 2032 399 2083 que
428 2015 572 2069 inter
605 2024 844 2083 nostros,
874 2015 1074 2069 babent
1099 2019 1313 2083 e'gm‘bus.

294 2095 556 2149 Prnstans
572 2104 749 2148 tamen
760 2093 917 2148 lectio
924 2096 1128 2156 vin'bus,
1154 2111 1314 2162 quam

290 2170 540 2225 libentius
553 2171 889 2225 admitterem
903 2171 945 2225 si
962 2171 1312 2241 plurimorum

293 2247 605 2301 anctoritate
626 2246 796 2301 Codd.
819 2247 1106 2301 fulciretur.
1130 2249 1230 2300 Ed.
1248 2274 1315 2287 —-

296 2328 587 2380 Geminam*
595 2330 808 2395 Quibus.
833 2326 915 2379 Ex
936 2330 1101 2380 Mna
1119 2326 1314 2380 vertice

292 2407 401 2473 jam
425 2405 799 2475 antiquissimis
819 2405 1145 2475 temporibus
1165 2404 1314 2476 ignes

293 2484 658 2554 erumpebant.
693 2483 815 2537 Vid.
847 2482 1095 2537 Kircheri
1130 2482 1313 2537 Mun-

293 2560 421 2616 dum
452 2562 676 2616 subterr.
702 2571 832 2615 tom.
857 2561 883 2614 1
902 2600 918 2628 ‚
943 2580 995 2630 p.
1022 2580 1134 2614 202.
1154 2562 1313 2617 Nunc

292 2637 573 2693 accedebat
612 2637 920 2693 incendium
956 2636 1077 2691 solis
1096 2676 1114 2705 ,
1154 2648 1209 2692 et
1238 2637 1313 2693 sic

287 2721 558 2781 matis
577 2726 678 2770 etc.

355 2812 470 2848 221.
483 2792 1108 2863 stauracDeJ'amaso,
1129 2789 1311 2846 vid-ad

293 2869 346 2935 l,
367 2870 429 2924 31
440 2891 565 2938 7.-—
581 2873 747 2944 Eryx,
775 2868 931 2923 hodie
950 2872 1052 2923 San
1066 2871 1310 2932 Julimo,

292 2965 446 3001 mons
472 2947 660 3003 Sicilia
678 2988 694 3016 ‚
729 2948 786 3001 in
811 2966 917 3017 quo
946 2948 1131 3000 Venus
1160 2957 1310 3000 tem-

290 3026 437 3096 plum
482 3027 707 3081 habebat
757 3026 911 3080 donis
959 3025 1272 3096 opulentum
1291 3065 1309 3093 ,

292 3103 435 3157 unde
446 3105 556 3175 ipsa
568 3107 795 3176 Erycina
810 3123 827 3156 .-
840 3103 945 3157 vid.
961 3103 1218 3169 AElianus,
1235 3104 1309 3173 V,

294 3182 364 3235 11.
386 3184 412 3238 1
436 3222 453 3249 ,
484 3187 564 3237 15.
582 3222 600 3251 ,
623 3194 678 3237 et
703 3183 948 3256 Heynius
971 3180 1095 3236 Exc.
1117 3181 1172 3236 ll
1190 3220 1208 3249 ,
1243 3180 1310 3235 ad

294 3261 477 3333 virgil.
500 3261 718 3315 AEneid.
744 3263 811 3314 V.
826 3286 893 3302 --
909 3262 1156 3333 Cynthus,
1188 3258 1312 3314 Deli

288 3358 445 3395 mons
463 3377 479 3406 ‚
517 3341 776 3412 Apollinis
799 3340 1055 3394 natalibus
1076 3339 1310 3395 celebra-

286 3427 391 3485 tus,
409 3419 501 3488 qui
517 3420 641 3472 inde
667 3422 942 3491 Cynthus.-
958 3420 1120 3472 Hom.
1142 3420 1309 3491 Hym.

287 3497 334 3563 l,
353 3498 526 3568 Apoll.
546 3497 625 3551 25.
639 3524 708 3537 —-
722 3501 921 3569 Othrys,
944 3514 1099 3549 mons
1112 3497 1243 3550 altus
1256 3507 1311 3550 et

287 3577 500 3632 nivosus
524 3576 806 3631 Thessalia
825 3616 841 3643 ,
877 3576 1026 3631 sedes
1049 3577 1308 3647 Lapitha-

288 3672 443 3708 rum:
466 3655 653 3726 Vin-gil.
669 3655 881 3709 AEneid.
906 3655 1035 3721 Vll,
1053 3655 1152 3722 675
1170 3677 1185 3720 ς
1206 3655 1311 3709 Se-

288 3750 404 3787 nec.
429 3732 592 3787 Herc.
616 3733 729 3786 OEt.
746 3772 764 3801 ,
788 3752 918 3786 vers.
941 3736 1053 3804 494.

356 3833 470 3867 222.
494 3817 751 3881 Rhodope.
786 3815 1007 3868 Tractus
1041 3814 1308 3867 montium

292 3887 573 3943 Thraciam
596 3909 773 3944 versus
792 3893 1192 3960 septemtriones
1211 3890 1309 3944 dis·

290 3968 612 4039 terminans,
637 3971 798 4024 sacris
818 3970 1009 4024 Bacchi
1032 3981 1085 4024 et
1102 3969 1310 4040 Orphei

286 4045 529 4100 cantibus
550 4050 854 4102 celebratus.
887 4048 1035 4116 Virg.
1060 4048 1169 4101 Ecl.
1200 4047 1303 4113 vl,

287 4125 355 4178 30
374 4165 390 4193 ‚
416 4130 617 4179 taudem
632 4131 830 4180 neribus
842 4133 1064 4179 caritura
1077 4166 1090 4187 ‚
1124 4126 1310 4194 quibus

283 4223 496 4275 semper
512 4207 940 4267 tecta—Maus,
954 4222 1109 4258 mons
1125 4205 1307 4273 loniae,

286 4300 509 4336 summo
527 4283 816 4339 altitudinis
833 4324 848 4346 ,
870 4282 1013 4337 uude
1036 4288 1311 4359 ὑψίκρημνος

1417 1469 1642 1523 Homer.
1684 1467 1951 1540 Epigram.
1979 1509 1996 1536 ,
2024 1489 2139 1540 pag.
2169 1490 2279 1541 ¹¹7·
2303 1471 2436 1527 Em.

1481 1548 1596 1600 223.
1632 1548 1906 1619 Dindyma.
1931 1546 2115 1617 plural.
2148 1557 2202 1601 et
2228 1551 2435 1622 Dindy-

1413 1643 1545 1678 mm
1562 1665 1576 1688 ,
1602 1643 1760 1678 mons
1784 1623 2056 1698 Phrygia,
2082 1640 2286 1696 magna
2310 1627 2436 1681 Ma-

1414 1704 1482 1757 tri
1507 1703 1694 1758 Deum
1715 1723 1893 1770 sacer,
1922 1704 2066 1759 unde
2090 1704 2199 1775 ipsa
2224 1707 2434 1779 ΒΜ]-

1412 1783 1785 1854 menceVirgil.
1811 1783 1937 1839 AEn.
1963 1784 2072 1849 lx,
2097 1784 2210 1854 617.
2235 1789 2433 1859 -Ms-

1411 1863 1551 1923 cale,
1591 1879 1747 1915 mons
1781 1862 1946 1916 Ioniae
1964 1901 1979 1929 ,
2006 1861 2169 1914 Samo
2196 1861 2394 1917 vicinus
2418 1885 2432 1917 ε

1412 1939 1638 1993 Pausan.
1655 1940 1784 2005 vll,
1804 1959 1853 2008 p.
1868 1942 1991 2006 4023
2007 1938 2227 2004 Strabo,
2245 1960 2294 2008 p.
2312 1941 2427 1995 636.

1410 2018 1747 2079 —CeYba-ron,
1762 2035 1918 2069 mons
1930 2016 2165 2083 Boeotioe,
2181 2034 2290 2068 non
2305 2037 2432 2087 pro-

1411 2093 1495 2148 cul
1520 2112 1547 2147 a
1573 2092 1770 2147 Thebis
1792 2133 1809 2162 ,
1841 2094 1899 2147 in
1926 2112 2032 2163 quo
2051 2111 2205 2147 sacra
2235 2092 2430 2149 Bacchi

1411 2168 1675 2225 trieterica
1712 2170 2108 2225 celebrabantur:
2134 2189 2147 2223 :
2171 2170 2273 2225 vid.
2307 2172 2425 2238 111,

1415 2269 1526 2320 70²·

1478 2331 1589 2396 224.
1635 2332 1861 2398 Frigora.
1906 2328 2111 2383 Glacies
2149 2339 2204 2383 et
2242 2330 2389 2385 nives
2409 2373 2422 2395 ‚

1411 2407 1599 2477 quibus
1614 2409 1846 2480 &sibim
1864 2410 1898 2463 ἱ
1913 2428 1960 2463 e.
1977 2408 2150 2463 omnis
2164 2419 2303 2464 terra
2314 2430 2426 2481 sep·

1410 2484 1764 2554 tentrionalis,
1790 2485 1984 2541 Graecis
2004 2497 2059 2540 et
2082 2486 2336 2542 Romanis
2348 2489 2425 2543 in-

1408 2563 1637 2635 cognita,
1661 2575 1918 2634 perpetuo
1937 2566 2178 2635 torpebat
2194 2584 2208 2619 2
2223 2567 2424 2624 Justin.

1410 2641 1498 2707 11,
1529 2660 1570 2695 Ι.
1604 2640 1738 2695 lude
1762 2645 1966 2697 Σκυθικῦυ
1986 2647 2115 2718 κρύος
2130 2643 2185 2695 in
2208 2662 2428 2713 prover-

1406 2716 1554 2771 bium
1578 2718 1704 2772 abiit
1726 2736 1740 2771 ε
1766 2719 1790 2772 1
1829 2719 1984 2772 Pont.
2009 2758 2025 2783 ‚
2066 2735 2134 2771 111
2152 2758 2168 2784 ,
2194 2740 2273 2788 ²7·
2315 2720 2424 2774 Sed

1406 2794 1812 2864 pulcherrimam
1831 2795 2059 2866 Scythici
2072 2794 2305 2849 horroris
2318 2795 2424 2849 de-

1406 2874 1748 2944 scriptionem
1763 2872 1922 2926 habet
1936 2874 2080 2943 virg.
2099 2873 2293 2943 Georg.
2311 2875 2391 2928 111
2407 2915 2423 2941 ,

1407 2950 1520 3023 349.
1530 2977 1597 2991 ·-·
1615 2954 1878 3005 Caucasus
1892 2969 2140 3022 magnam
2161 2950 2298 3004 Asiae
2311 2971 2423 3021 par-

1408 3035 1517 3079 tem
1534 3026 1720 3079 dividit
1732 3067 1748 3095 ‚
1767 3037 1822 3078 et
1836 3046 1958 3080 cum
1982 3030 2149 3080 Tam
2168 3028 2424 3082 commit-

1407 3103 1553 3169 titur,
1581 3101 1731 3156 Curi.
1757 3104 1894 3170 vll,
1917 3120 1986 3157 111
2003 3143 2018 3172 ‚
2048 3123 2110 3178 ¹9
2128 3127 2141 3168 ;
2162 3104 2286 3159 hmo
2305 3125 2422 3176 pu·

1405 3179 1505 3233 sim
1524 3199 1648 3232 cum
1660 3180 1841 3234 Tauro
1855 3182 2200 3236 confunditur
2214 3203 2243 3236 a
2257 3185 2423 3255 scrip—

1405 3260 1606 3314 toribus
1622 3260 1863 3331 antiquis.
1887 3263 2106 3318 Infamia
2128 3275 2306 3331 autem
2322 3267 2422 3319 suit

1405 3356 1436 3391 a
1462 3339 1739 3409 frigoribus
1759 3351 1815 3394 et
1836 3342 2102 3396 vastitate:
2125 3343 2269 3412 Vis-g.
2293 3343 2420 3395 AEn.

1406 3418 1504 3483 lv,
1538 3418 1664 3492 3673
1690 3422 1877 3476 Horat.
1905 3423 1959 3489 l,
1986 3422 2093 3477 od.
2119 3438 2236 3475 xxn
2255 3461 2271 3489 ,
2308 3444 2351 3493 7.

1472 3502 1584 3553 225.
1616 3501 1740 3553 θυι
1761 3501 1940 3551 I’indo.
1974 3500 2058 3551 De
2076 3501 2241 3551 peada
2257 3539 2272 3561 ,
2299 3498 2419 3553 vide

1407 3572 1471 3626 ad
1495 3576 1552 3642 Ι,
1594 3577 1701 3640 154.
1740 3574 1886 3629 Dixit
1924 3577 2059 3627 Osse
2081 3593 2193 3627 cun
2215 3578 2380 3629 Pt'ndo
2397 3616 2411 3635 ,

1405 3653 1526 3721 quia
1542 3652 1746 3706 Pindus
1762 3672 1824 3706 ex
1843 3653 2063 3707 adverso
2089 3653 2264 3707 Ossa.-
2272 3655 2419 3708 Inter

1409 3734 1671 3802 Olympum
1695 3742 1872 3784 autem
1895 3742 1953 3785 et
1980 3734 2166 3784 Ossam
2188 3732 2421 3786 celeber-

1404 3808 1538 3862 rima
1557 3810 1760 3879 Tempe
1775 3848 1791 3877 ,
1816 3810 1880 3864 de
1900 3812 2086 3881 quibus
2100 3830 2269 3882 supra.
2287 3815 2418 3866 Am—

1405 3894 1496 3942 bos
1518 3889 1711 3945 AElian.
1732 3892 1798 3945 V.
1817 3892 1888 3945 H.
1908 3892 2019 3953 111,
2049 3908 2099 3956 1,
2127 3891 2238 3944 init.
2266 3902 2415 3944 vocat

1405 3975 1481 4045 ὅρη
1510 3972 1802 4038 ὑπερύψηλας
1837 3968 1926 4023 sed
1955 3968 2218 4042 Olympus
2251 3969 2420 4033 major

1401 4051 1644 4101 ambobus
1667 4068 1684 4101 ,0
1709 4059 1852 4101 tanta
1879 4050 2022 4101 enim
2061 4050 2175 4117 ejus
2199 4048 2420 4102 altitudo

1404 4124 1714 4180 describitur
1748 4146 1778 4179 a
1820 4128 2099 4182 Veteribus
2121 4167 2134 4189 ,
2196 4135 2255 4179 ut
2297 4146 2416 4180 aves

1404 4223 1659 4258 cacumen
1688 4205 1812 4274 ejus·
1831 4206 2030 4275 assequi
2060 4223 2170 4258 non
2204 4205 2415 4276 possint.

1404 4281 1514 4336 Sed
1538 4282 1729 4337 AElian.
1759 4281 1822 4335 V.
1854 4283 1926 4337 Η.
1953 4284 2089 4339 vul
2111 4324 2127 4352 ,
2161 4300 2254 4352 xl,
2291 4301 2418 4337 nar*-
