<?xml version="1.0" encoding="UTF-8"?>
<!DOCTYPE html PUBLIC "-//W3C//DTD XHTML 1.0 Transitional//EN"
    "http://www.w3.org/TR/xhtml1/DTD/xhtml1-transitional.dtd">
<html xmlns="http://www.w3.org/1999/xhtml" xml:lang="en" lang="en">
 <head>
  <title>
</title>
<meta http-equiv="Content-Type" content="text/html;charset=utf-8" />
  <meta name='ocr-system' content='tesseract 3.04.00' />
  <meta name='ocr-capabilities' content='ocr_page ocr_carea ocr_par ocr_line ocrx_word'/>
</head>
<body>
  <div class='ocr_page' id='page_1' title='image "./publiusovidiusn01giergoog_0332.png"; bbox 0 0 3217 5134; ppageno 0'>
   <div class='ocr_carea' id='block_1_1' title="bbox 827 569 954 638">
    <p class='ocr_par' dir='ltr' id='par_1_1' title="bbox 827 569 954 638">
     <span class='ocr_line' id='line_1_1' title="bbox 827 569 954 638; baseline 0.008 -27"><span class='ocrx_word' id='word_1_1' title='bbox 827 569 954 638; x_wconf 72' lang='lat'><strong>292</strong></span> 
     </span>
    </p>
   </div>
   <div class='ocr_carea' id='block_1_2' title="bbox 1382 545 2379 619">
    <p class='ocr_par' dir='ltr' id='par_1_2' title="bbox 1382 545 2379 619">
     <span class='ocr_line' id='line_1_2' title="bbox 1382 545 2379 619; baseline 0.005 -6"><span class='ocrx_word' id='word_1_2' title='bbox 1382 546 1463 613; x_wconf 88' lang='lat' dir='ltr'><strong>P.</strong></span> <span class='ocrx_word' id='word_1_3' title='bbox 1529 546 1879 616; x_wconf 90' lang='lat' dir='ltr'><strong>OVIDII</strong></span> <span class='ocrx_word' id='word_1_4' title='bbox 1935 545 2379 619; x_wconf 83' lang='lat' dir='ltr'><strong>NASONIS</strong></span> 
     </span>
    </p>
   </div>
   <div class='ocr_carea' id='block_1_3' title="bbox 816 682 2937 1252">
    <p class='ocr_par' dir='ltr' id='par_1_3' title="bbox 816 682 2326 786">
     <span class='ocr_line' id='line_1_3' title="bbox 816 682 2326 786; baseline 0.003 -28"><span class='ocrx_word' id='word_1_5' title='bbox 816 682 926 758; x_wconf 88' lang='lat' dir='ltr'><strong>Tu</strong></span> <span class='ocrx_word' id='word_1_6' title='bbox 958 712 1126 786; x_wconf 91' lang='lat' dir='ltr'><strong>puer</strong></span> <span class='ocrx_word' id='word_1_7' title='bbox 1159 701 1481 773; x_wconf 73' lang='lat' dir='ltr'><strong>aeternus,</strong></span> <span class='ocrx_word' id='word_1_8' title='bbox 1522 702 1596 759; x_wconf 86' lang='lat' dir='ltr'><strong>tu</strong></span> <span class='ocrx_word' id='word_1_9' title='bbox 1632 684 2153 763; x_wconf 88' lang='lat' dir='ltr'><strong>formosissimus</strong></span> <span class='ocrx_word' id='word_1_10' title='bbox 2187 686 2326 763; x_wconf 86' lang='lat' dir='ltr'><strong>alto</strong></span> 
     </span>
    </p>

    <p class='ocr_par' dir='ltr' id='par_1_4' title="bbox 817 800 2937 1135">
     <span class='ocr_line' id='line_1_4' title="bbox 822 800 2760 903; baseline 0.002 -27"><span class='ocrx_word' id='word_1_11' title='bbox 822 801 1249 903; x_wconf 87' lang='lat' dir='ltr'><strong>Conspiceris</strong></span> <span class='ocrx_word' id='word_1_12' title='bbox 1284 801 1442 877; x_wconf 83' lang='lat' dir='ltr'><strong>caelo</strong></span> <span class='ocrx_word' id='word_1_13' title='bbox 1477 831 1491 876; x_wconf 74' lang='grc' dir='ltr'><strong>ε</strong></span> <span class='ocrx_word' id='word_1_14' title='bbox 1523 801 1683 889; x_wconf 89' lang='lat' dir='ltr'><strong>tibi,</strong></span> <span class='ocrx_word' id='word_1_15' title='bbox 1724 831 1930 902; x_wconf 88' lang='lat' dir='ltr'><strong>quum</strong></span> <span class='ocrx_word' id='word_1_16' title='bbox 1963 802 2105 878; x_wconf 89' lang='lat' dir='ltr'><strong>sine</strong></span> <span class='ocrx_word' id='word_1_17' title='bbox 2146 802 2469 878; x_wconf 89' lang='lat' dir='ltr'><strong>cornibus</strong></span> <span class='ocrx_word' id='word_1_18' title='bbox 2501 800 2760 895; x_wconf 77' lang='lat' dir='ltr'><strong>adstas,</strong></span> 
     </span>
     <span class='ocr_line' id='line_1_5' title="bbox 817 917 2937 1021; baseline 0.001 -33"><span class='ocrx_word' id='word_1_19' title='bbox 817 917 1212 1013; x_wconf 70' lang='lat' dir='ltr'><strong>virgineum</strong></span> <span class='ocrx_word' id='word_1_20' title='bbox 1248 935 1449 1019; x_wconf 87' lang='lat' dir='ltr'><strong>caput</strong></span> <span class='ocrx_word' id='word_1_21' title='bbox 1481 935 1600 992; x_wconf 89' lang='lat' dir='ltr'><strong>est.</strong></span> <span class='ocrx_word' id='word_1_22' title='bbox 1636 918 1882 992; x_wconf 79' lang='lat' dir='ltr'>Oriens</span> <span class='ocrx_word' id='word_1_23' title='bbox 1918 918 2045 992; x_wconf 85' lang='lat' dir='ltr'><strong>tibi</strong></span> <span class='ocrx_word' id='word_1_24' title='bbox 2078 919 2328 1006; x_wconf 84' lang='lat' dir='ltr'><strong>victus,</strong></span> <span class='ocrx_word' id='word_1_25' title='bbox 2362 918 2447 992; x_wconf 87' lang='lat' dir='ltr'><strong>ad</strong></span> <span class='ocrx_word' id='word_1_26' title='bbox 2474 948 2689 1021; x_wconf 88' lang='lat' dir='ltr'><strong>usque</strong></span> <span class='ocrx_word' id='word_1_27' title='bbox 2880 958 2937 993; x_wconf 59' lang='grc' dir='ltr'><strong>πο</strong></span> 
     </span>
     <span class='ocr_line' id='line_1_6' title="bbox 817 1032 2487 1135; baseline 0 -28"><span class='ocrx_word' id='word_1_28' title='bbox 817 1033 1112 1108; x_wconf 86' lang='lat' dir='ltr'>Decolor</span> <span class='ocrx_word' id='word_1_29' title='bbox 1142 1052 1433 1109; x_wconf 86' lang='lat' dir='ltr'><strong>extremo</strong></span> <span class='ocrx_word' id='word_1_30' title='bbox 1468 1061 1599 1135; x_wconf 87' lang='lat' dir='ltr'><strong>qua</strong></span> <span class='ocrx_word' id='word_1_31' title='bbox 1633 1032 1965 1129; x_wconf 82' lang='lat' dir='ltr'><strong>tinguitur</strong></span> <span class='ocrx_word' id='word_1_32' title='bbox 2000 1034 2198 1110; x_wconf 87' lang='lat' dir='ltr'><strong>India</strong></span> <span class='ocrx_word' id='word_1_33' title='bbox 2236 1034 2487 1131; x_wconf 78' lang='lat' dir='ltr'><strong>Gange.</strong></span> 
     </span>
    </p>

    <p class='ocr_par' dir='ltr' id='par_1_5' title="bbox 817 1148 2779 1252">
     <span class='ocr_line' id='line_1_7' title="bbox 817 1148 2779 1252; baseline 0.001 -29"><span class='ocrx_word' id='word_1_34' title='bbox 817 1149 1114 1225; x_wconf 86' lang='lat' dir='ltr'><strong>Penthea</strong></span> <span class='ocrx_word' id='word_1_35' title='bbox 1149 1167 1223 1224; x_wconf 92' lang='lat' dir='ltr'><strong>tu</strong></span> <span class='ocrx_word' id='word_1_36' title='bbox 1243 1207 1263 1238; x_wconf 96' lang='lat'><strong>,</strong></span> <span class='ocrx_word' id='word_1_37' title='bbox 1299 1149 1702 1238; x_wconf 83' lang='lat' dir='ltr'><strong>venerande,</strong></span> <span class='ocrx_word' id='word_1_38' title='bbox 1738 1148 2365 1252; x_wconf 80' lang='lat' dir='ltr'>bipenniferumque</span> <span class='ocrx_word' id='word_1_39' title='bbox 2397 1153 2779 1252; x_wconf 83' lang='lat' dir='ltr'><strong>Lycurgum</strong></span> 
     </span>
    </p>
   </div>
   <div class='ocr_carea' id='block_1_4' title="bbox 795 1347 1834 3281">
    <p class='ocr_par' dir='ltr' id='par_1_6' title="bbox 795 1347 1834 3281">
     <span class='ocr_line' id='line_1_8' title="bbox 809 1347 1833 1418; baseline 0.002 -17"><span class='ocrx_word' id='word_1_40' title='bbox 809 1347 954 1402; x_wconf 85' lang='lat' dir='ltr'><strong>inter</strong></span> <span class='ocrx_word' id='word_1_41' title='bbox 968 1348 1218 1417; x_wconf 74' lang='lat' dir='ltr'><strong>juvenem</strong></span> <span class='ocrx_word' id='word_1_42' title='bbox 1232 1358 1285 1402; x_wconf 90' lang='lat' dir='ltr'><strong>et</strong></span> <span class='ocrx_word' id='word_1_43' title='bbox 1313 1366 1540 1418; x_wconf 88' lang='lat' dir='ltr'><strong>puerum</strong></span> <span class='ocrx_word' id='word_1_44' title='bbox 1554 1387 1571 1415; x_wconf 95' lang='lat'><strong>,</strong></span> <span class='ocrx_word' id='word_1_45' title='bbox 1594 1348 1833 1404; x_wconf 76' lang='lat' dir='ltr'><strong>111Fast.</strong></span> 
     </span>
     <span class='ocr_line' id='line_1_9' title="bbox 814 1428 1834 1499; baseline 0.002 -19"><span class='ocrx_word' id='word_1_46' title='bbox 814 1429 926 1499; x_wconf 86' lang='lat'><strong>773.</strong></span> <span class='ocrx_word' id='word_1_47' title='bbox 948 1455 1014 1470; x_wconf 91' lang='lat'><strong>--</strong></span> <span class='ocrx_word' id='word_1_48' title='bbox 1037 1429 1216 1482; x_wconf 75' lang='lat' dir='ltr'><strong>Fuisse</strong></span> <span class='ocrx_word' id='word_1_49' title='bbox 1247 1440 1425 1483; x_wconf 91' lang='lat' dir='ltr'><strong>autem</strong></span> <span class='ocrx_word' id='word_1_50' title='bbox 1445 1428 1715 1484; x_wconf 85' lang='lat' dir='ltr'><strong>Bacchum</strong></span> <span class='ocrx_word' id='word_1_51' title='bbox 1720 1430 1834 1498; x_wconf 80' lang='lat' dir='ltr'><strong>sor-</strong></span> 
     </span>
     <span class='ocr_line' id='line_1_10' title="bbox 808 1505 1830 1574; baseline 0.002 -15"><span class='ocrx_word' id='word_1_52' title='bbox 808 1511 1169 1570; x_wconf 65' lang='lat' dir='ltr'><strong>moulm‘musn,</strong></span> <span class='ocrx_word' id='word_1_53' title='bbox 1199 1505 1352 1560; x_wconf 88' lang='lat' dir='ltr'><strong>docet</strong></span> <span class='ocrx_word' id='word_1_54' title='bbox 1387 1506 1743 1574; x_wconf 81' lang='lat' dir='ltr'><strong>Brukbusius,</strong></span> <span class='ocrx_word' id='word_1_55' title='bbox 1765 1507 1830 1561; x_wconf 89' lang='lat' dir='ltr'><strong>ad</strong></span> 
     </span>
     <span class='ocr_line' id='line_1_11' title="bbox 810 1583 1832 1653; baseline 0 -16"><span class='ocrx_word' id='word_1_56' title='bbox 810 1583 985 1637; x_wconf 83' lang='lat' dir='ltr'>Tibul.</span> <span class='ocrx_word' id='word_1_57' title='bbox 1004 1585 1092 1653; x_wconf 84' lang='lat'><strong>11,</strong></span> <span class='ocrx_word' id='word_1_58' title='bbox 1111 1601 1178 1637; x_wconf 85' lang='lat' dir='ltr'><strong>ut</strong></span> <span class='ocrx_word' id='word_1_59' title='bbox 1196 1623 1212 1650; x_wconf 93' lang='lat'><strong>,</strong></span> <span class='ocrx_word' id='word_1_60' title='bbox 1237 1585 1318 1638; x_wconf 78' lang='lat'><strong>35.</strong></span> <span class='ocrx_word' id='word_1_61' title='bbox 1343 1584 1487 1638; x_wconf 89' lang='lat' dir='ltr'><strong>Hinc</strong></span> <span class='ocrx_word' id='word_1_62' title='bbox 1509 1596 1564 1638; x_wconf 89' lang='lat' dir='ltr'><strong>et</strong></span> <span class='ocrx_word' id='word_1_63' title='bbox 1581 1588 1832 1638; x_wconf 77' lang='lat' dir='ltr'><strong>candidus</strong></span> 
     </span>
     <span class='ocr_line' id='line_1_12' title="bbox 806 1661 1831 1733; baseline 0.001 -18"><span class='ocrx_word' id='word_1_64' title='bbox 806 1672 1059 1731; x_wconf 77' lang='lat' dir='ltr'><strong>vocatur,</strong></span> <span class='ocrx_word' id='word_1_65' title='bbox 1100 1662 1238 1733; x_wconf 87' lang='lat' dir='ltr'><strong>apud</strong></span> <span class='ocrx_word' id='word_1_66' title='bbox 1282 1662 1599 1729; x_wconf 78' lang='lat' dir='ltr'>Horatium,</span> <span class='ocrx_word' id='word_1_67' title='bbox 1629 1663 1685 1729; x_wconf 90' lang='lat' dir='ltr'><strong>I,</strong></span> <span class='ocrx_word' id='word_1_68' title='bbox 1721 1661 1831 1716; x_wconf 85' lang='lat' dir='ltr'><strong>Od.</strong></span> 
     </span>
     <span class='ocr_line' id='line_1_13' title="bbox 809 1738 1830 1809; baseline -0.002 -17"><span class='ocrx_word' id='word_1_69' title='bbox 809 1755 985 1806; x_wconf 83' lang='lat' dir='ltr'><strong>xv111,</strong></span> <span class='ocrx_word' id='word_1_70' title='bbox 1031 1761 1052 1793; x_wconf 89' lang='lat'>1</span> <span class='ocrx_word' id='word_1_71' title='bbox 1067 1759 1085 1792; x_wconf 91' lang='grc' dir='ltr'><strong>ι</strong></span> <span class='ocrx_word' id='word_1_72' title='bbox 1119 1761 1134 1803; x_wconf 87' lang='grc'><strong>;</strong></span> <span class='ocrx_word' id='word_1_73' title='bbox 1180 1757 1288 1809; x_wconf 88' lang='lat' dir='ltr'><strong>quo</strong></span> <span class='ocrx_word' id='word_1_74' title='bbox 1326 1738 1561 1809; x_wconf 87' lang='lat' dir='ltr'><strong>epitheto</strong></span> <span class='ocrx_word' id='word_1_75' title='bbox 1603 1738 1830 1808; x_wconf 80' lang='lat' dir='ltr'><strong>virgines</strong></span> 
     </span>
     <span class='ocr_line' id='line_1_14' title="bbox 808 1816 1825 1888; baseline -0.004 -17"><span class='ocrx_word' id='word_1_76' title='bbox 808 1817 918 1871; x_wconf 86' lang='lat' dir='ltr'><strong>sere</strong></span> <span class='ocrx_word' id='word_1_77' title='bbox 944 1817 1181 1888; x_wconf 76' lang='lat' dir='ltr'><strong>insigniri</strong></span> <span class='ocrx_word' id='word_1_78' title='bbox 1200 1816 1386 1871; x_wconf 86' lang='lat' dir='ltr'><strong>solent.</strong></span> <span class='ocrx_word' id='word_1_79' title='bbox 1398 1845 1465 1856; x_wconf 91' lang='lat'>-</span> <span class='ocrx_word' id='word_1_80' title='bbox 1483 1818 1799 1887; x_wconf 56' lang='lat' dir='ltr'><strong>Compei-erip·</strong></span> <span class='ocrx_word' id='word_1_81' title='bbox 1811 1856 1825 1877; x_wconf 91' lang='lat'><strong>,</strong></span> 
     </span>
     <span class='ocr_line' id='line_1_15' title="bbox 806 1892 1828 1966; baseline -0.002 -19"><span class='ocrx_word' id='word_1_82' title='bbox 806 1914 905 1966; x_wconf 87' lang='lat' dir='ltr'><strong>pro</strong></span> <span class='ocrx_word' id='word_1_83' title='bbox 924 1915 1009 1957; x_wconf 86' lang='lat' dir='ltr'><strong>es,</strong></span> <span class='ocrx_word' id='word_1_84' title='bbox 1037 1914 1147 1948; x_wconf 89' lang='lat' dir='ltr'><strong>non</strong></span> <span class='ocrx_word' id='word_1_85' title='bbox 1183 1894 1345 1947; x_wconf 88' lang='lat' dir='ltr'><strong>modo</strong></span> <span class='ocrx_word' id='word_1_86' title='bbox 1378 1893 1655 1949; x_wconf 73' lang='lat' dir='ltr'>sonantius</span> <span class='ocrx_word' id='word_1_87' title='bbox 1676 1934 1689 1956; x_wconf 85' lang='lat'><strong>,</strong></span> <span class='ocrx_word' id='word_1_88' title='bbox 1735 1892 1828 1947; x_wconf 88' lang='lat' dir='ltr'><strong>sed</strong></span> 
     </span>
     <span class='ocr_line' id='line_1_16' title="bbox 804 1973 1828 2030; baseline -0.003 -2"><span class='ocrx_word' id='word_1_89' title='bbox 804 1976 966 2029; x_wconf 86' lang='lat' dir='ltr'><strong>etiam</strong></span> <span class='ocrx_word' id='word_1_90' title='bbox 1011 1974 1271 2030; x_wconf 83' lang='lat' dir='ltr'><strong>efficacius</strong></span> <span class='ocrx_word' id='word_1_91' title='bbox 1308 1974 1372 2027; x_wconf 84' lang='lat' dir='ltr'><strong>ad</strong></span> <span class='ocrx_word' id='word_1_92' title='bbox 1414 1993 1644 2028; x_wconf 85' lang='lat' dir='ltr'><strong>sensum.</strong></span> <span class='ocrx_word' id='word_1_93' title='bbox 1687 1973 1828 2027; x_wconf 88' lang='lat' dir='ltr'><strong>Nam</strong></span> 
     </span>
     <span class='ocr_line' id='line_1_17' title="bbox 801 2051 1827 2122; baseline -0.004 -15"><span class='ocrx_word' id='word_1_94' title='bbox 801 2058 1034 2121; x_wconf 75' lang='lat' dir='ltr'><em>conspici</em></span> <span class='ocrx_word' id='word_1_95' title='bbox 1057 2052 1306 2107; x_wconf 90' lang='lat' dir='ltr'><strong>dicuntur</strong></span> <span class='ocrx_word' id='word_1_96' title='bbox 1331 2094 1347 2120; x_wconf 93' lang='lat'><strong>,</strong></span> <span class='ocrx_word' id='word_1_97' title='bbox 1384 2053 1474 2122; x_wconf 89' lang='lat' dir='ltr'><strong>qui</strong></span> <span class='ocrx_word' id='word_1_98' title='bbox 1506 2052 1630 2106; x_wconf 89' lang='lat' dir='ltr'><strong>dote</strong></span> <span class='ocrx_word' id='word_1_99' title='bbox 1656 2051 1827 2121; x_wconf 79' lang='lat' dir='ltr'><strong>aliqua</strong></span> 
     </span>
     <span class='ocr_line' id='line_1_18' title="bbox 808 2132 1828 2203; baseline -0.001 -16"><span class='ocrx_word' id='word_1_100' title='bbox 808 2145 899 2188; x_wconf 90' lang='lat' dir='ltr'><strong>aut</strong></span> <span class='ocrx_word' id='word_1_101' title='bbox 921 2133 1113 2187; x_wconf 81' lang='lat' dir='ltr'><strong>virtute</strong></span> <span class='ocrx_word' id='word_1_102' title='bbox 1130 2133 1380 2203; x_wconf 84' lang='lat' dir='ltr'><strong>insignes,</strong></span> <span class='ocrx_word' id='word_1_103' title='bbox 1400 2132 1625 2186; x_wconf 85' lang='lat' dir='ltr'><strong>aliorum</strong></span> <span class='ocrx_word' id='word_1_104' title='bbox 1651 2132 1828 2186; x_wconf 86' lang='lat' dir='ltr'><strong>oculos</strong></span> 
     </span>
     <span class='ocr_line' id='line_1_19' title="bbox 801 2210 1823 2267; baseline -0.001 -1"><span class='ocrx_word' id='word_1_105' title='bbox 801 2214 855 2266; x_wconf 90' lang='lat' dir='ltr'><strong>in</strong></span> <span class='ocrx_word' id='word_1_106' title='bbox 879 2233 934 2266; x_wconf 91' lang='lat' dir='ltr'><strong>se</strong></span> <span class='ocrx_word' id='word_1_107' title='bbox 957 2231 1235 2267; x_wconf 81' lang='lat' dir='ltr'><strong>conversos</strong></span> <span class='ocrx_word' id='word_1_108' title='bbox 1251 2221 1533 2266; x_wconf 91' lang='lat' dir='ltr'><strong>tenent.—</strong></span> <span class='ocrx_word' id='word_1_109' title='bbox 1552 2213 1687 2265; x_wconf 76' lang='lat' dir='ltr'><strong>Calo</strong></span> <span class='ocrx_word' id='word_1_110' title='bbox 1698 2210 1823 2265; x_wconf 87' lang='lat' dir='ltr'><strong>Bac·</strong></span> 
     </span>
     <span class='ocr_line' id='line_1_20' title="bbox 802 2288 1819 2361; baseline -0.005 -14"><span class='ocrx_word' id='word_1_111' title='bbox 802 2291 931 2347; x_wconf 83' lang='lat' dir='ltr'><strong>chus</strong></span> <span class='ocrx_word' id='word_1_112' title='bbox 945 2291 1220 2361; x_wconf 90' lang='lat' dir='ltr'><strong>impositus</strong></span> <span class='ocrx_word' id='word_1_113' title='bbox 1234 2300 1350 2361; x_wconf 85' lang='lat' dir='ltr'><strong>post</strong></span> <span class='ocrx_word' id='word_1_114' title='bbox 1370 2288 1608 2344; x_wconf 77' lang='lat' dir='ltr'><strong>victorias</strong></span> <span class='ocrx_word' id='word_1_115' title='bbox 1629 2298 1819 2358; x_wconf 86' lang='lat' dir='ltr'><strong>partas,</strong></span> 
     </span>
     <span class='ocr_line' id='line_1_21' title="bbox 803 2365 1823 2436; baseline -0.001 -17"><span class='ocrx_word' id='word_1_116' title='bbox 803 2386 955 2420; x_wconf 81' lang='lat' dir='ltr'><strong>versu</strong></span> <span class='ocrx_word' id='word_1_117' title='bbox 994 2368 1110 2420; x_wconf 74' lang='lat'><strong>613.</strong></span> <span class='ocrx_word' id='word_1_118' title='bbox 1146 2366 1342 2436; x_wconf 83' lang='lat' dir='ltr'><strong>Regius</strong></span> <span class='ocrx_word' id='word_1_119' title='bbox 1384 2376 1441 2419; x_wconf 89' lang='lat' dir='ltr'><strong>et</strong></span> <span class='ocrx_word' id='word_1_120' title='bbox 1479 2365 1823 2419; x_wconf 78' lang='lat' dir='ltr'>Burmannus</span> 
     </span>
     <span class='ocr_line' id='line_1_22' title="bbox 802 2442 1822 2516; baseline -0.002 -19"><span class='ocrx_word' id='word_1_121' title='bbox 802 2454 1020 2516; x_wconf 87' lang='lat' dir='ltr'><strong>putant,</strong></span> <span class='ocrx_word' id='word_1_122' title='bbox 1038 2443 1296 2498; x_wconf 81' lang='lat' dir='ltr'><strong>Ovidium</strong></span> <span class='ocrx_word' id='word_1_123' title='bbox 1321 2442 1407 2497; x_wconf 84' lang='lat' dir='ltr'><strong>bic</strong></span> <span class='ocrx_word' id='word_1_124' title='bbox 1428 2442 1574 2512; x_wconf 87' lang='lat' dir='ltr'><strong>sequi</strong></span> <span class='ocrx_word' id='word_1_125' title='bbox 1602 2461 1710 2509; x_wconf 86' lang='lat' dir='ltr'><strong>eos,</strong></span> <span class='ocrx_word' id='word_1_126' title='bbox 1731 2442 1822 2513; x_wconf 86' lang='lat' dir='ltr'><strong>qui</strong></span> 
     </span>
     <span class='ocr_line' id='line_1_23' title="bbox 801 2519 1821 2577; baseline -0.002 0"><span class='ocrx_word' id='word_1_127' title='bbox 801 2521 985 2577; x_wconf 82' lang='lat' dir='ltr'><strong>Solem</strong></span> <span class='ocrx_word' id='word_1_128' title='bbox 1020 2531 1075 2575; x_wconf 89' lang='lat' dir='ltr'><strong>et</strong></span> <span class='ocrx_word' id='word_1_129' title='bbox 1110 2520 1377 2576; x_wconf 86' lang='lat' dir='ltr'><strong>Bacchum</strong></span> <span class='ocrx_word' id='word_1_130' title='bbox 1424 2519 1675 2574; x_wconf 87' lang='lat' dir='ltr'><strong>eumdem</strong></span> <span class='ocrx_word' id='word_1_131' title='bbox 1710 2540 1821 2575; x_wconf 87' lang='lat' dir='ltr'><strong>esse</strong></span> 
     </span>
     <span class='ocr_line' id='line_1_24' title="bbox 797 2599 1818 2669; baseline -0.001 -14"><span class='ocrx_word' id='word_1_132' title='bbox 797 2599 1078 2656; x_wconf 77' lang='lat' dir='ltr'><strong>tradebant</strong></span> <span class='ocrx_word' id='word_1_133' title='bbox 1105 2622 1121 2665; x_wconf 89' lang='lat'>;</span> <span class='ocrx_word' id='word_1_134' title='bbox 1166 2619 1328 2669; x_wconf 89' lang='lat' dir='ltr'><strong>quam</strong></span> <span class='ocrx_word' id='word_1_135' title='bbox 1378 2599 1641 2654; x_wconf 87' lang='lat' dir='ltr'><strong>rationem</strong></span> <span class='ocrx_word' id='word_1_136' title='bbox 1693 2619 1818 2654; x_wconf 89' lang='lat' dir='ltr'><strong>sane</strong></span> 
     </span>
     <span class='ocr_line' id='line_1_25' title="bbox 799 2677 1821 2751; baseline 0.004 -23"><span class='ocrx_word' id='word_1_137' title='bbox 799 2679 983 2751; x_wconf 77' lang='lat' dir='ltr'><strong>Virgit.</strong></span> <span class='ocrx_word' id='word_1_138' title='bbox 1000 2677 1192 2749; x_wconf 76' lang='lat' dir='ltr'><strong>Georg.</strong></span> <span class='ocrx_word' id='word_1_139' title='bbox 1215 2679 1241 2732; x_wconf 92' lang='lat'>1</span> <span class='ocrx_word' id='word_1_140' title='bbox 1258 2718 1273 2746; x_wconf 90' lang='lat'><strong>,</strong></span> <span class='ocrx_word' id='word_1_141' title='bbox 1294 2682 1394 2745; x_wconf 84' lang='lat'><strong>5-7</strong></span> <span class='ocrx_word' id='word_1_142' title='bbox 1413 2716 1429 2744; x_wconf 92' lang='lat'><strong>,</strong></span> <span class='ocrx_word' id='word_1_143' title='bbox 1451 2688 1705 2747; x_wconf 88' lang='lat' dir='ltr'><strong>sequutus</strong></span> <span class='ocrx_word' id='word_1_144' title='bbox 1727 2688 1821 2732; x_wconf 77' lang='lat' dir='ltr'><strong>est·</strong></span> 
     </span>
     <span class='ocr_line' id='line_1_26' title="bbox 796 2754 1817 2827; baseline -0.003 -14"><span class='ocrx_word' id='word_1_145' title='bbox 796 2787 864 2799; x_wconf 96' lang='lat'>—</span> <span class='ocrx_word' id='word_1_146' title='bbox 876 2761 1076 2813; x_wconf 78' lang='lat' dir='ltr'><strong>Cornua</strong></span> <span class='ocrx_word' id='word_1_147' title='bbox 1091 2776 1247 2827; x_wconf 79' lang='lat' dir='ltr'><strong>parva</strong></span> <span class='ocrx_word' id='word_1_148' title='bbox 1266 2755 1464 2809; x_wconf 90' lang='lat' dir='ltr'><strong>dantur</strong></span> <span class='ocrx_word' id='word_1_149' title='bbox 1486 2754 1695 2809; x_wconf 84' lang='lat' dir='ltr'><strong>Baccho</strong></span> <span class='ocrx_word' id='word_1_150' title='bbox 1706 2774 1817 2810; x_wconf 90' lang='lat' dir='ltr'><strong>non</strong></span> 
     </span>
     <span class='ocr_line' id='line_1_27' title="bbox 796 2834 1820 2907; baseline -0.003 -17"><span class='ocrx_word' id='word_1_151' title='bbox 796 2846 907 2891; x_wconf 86' lang='lat' dir='ltr'><strong>tam</strong></span> <span class='ocrx_word' id='word_1_152' title='bbox 951 2857 980 2890; x_wconf 90' lang='lat' dir='ltr'><strong>a</strong></span> <span class='ocrx_word' id='word_1_153' title='bbox 1017 2835 1300 2907; x_wconf 86' lang='lat' dir='ltr'><strong>pictoribus</strong></span> <span class='ocrx_word' id='word_1_154' title='bbox 1317 2873 1333 2902; x_wconf 96' lang='lat'><strong>,</strong></span> <span class='ocrx_word' id='word_1_155' title='bbox 1374 2852 1536 2903; x_wconf 89' lang='lat' dir='ltr'><strong>quam</strong></span> <span class='ocrx_word' id='word_1_156' title='bbox 1568 2853 1598 2887; x_wconf 90' lang='lat' dir='ltr'><strong>a</strong></span> <span class='ocrx_word' id='word_1_157' title='bbox 1637 2834 1820 2904; x_wconf 89' lang='lat' dir='ltr'><strong>poetis.</strong></span> 
     </span>
     <span class='ocr_line' id='line_1_28' title="bbox 795 2911 1820 2985; baseline -0.004 -17"><span class='ocrx_word' id='word_1_158' title='bbox 795 2913 1009 2985; x_wconf 87' lang='lat' dir='ltr'><strong>Deponi</strong></span> <span class='ocrx_word' id='word_1_159' title='bbox 1042 2922 1319 2984; x_wconf 87' lang='lat' dir='ltr'><strong>poterant;</strong></span> <span class='ocrx_word' id='word_1_160' title='bbox 1357 2911 1628 2966; x_wconf 68' lang='lat' dir='ltr'><strong>herebant</strong></span> <span class='ocrx_word' id='word_1_161' title='bbox 1671 2912 1820 2965; x_wconf 88' lang='lat' dir='ltr'><strong>enim</strong></span> 
     </span>
     <span class='ocr_line' id='line_1_29' title="bbox 800 2988 1819 3062; baseline -0.003 -17"><span class='ocrx_word' id='word_1_162' title='bbox 800 3011 911 3046; x_wconf 90' lang='lat' dir='ltr'><strong>non</strong></span> <span class='ocrx_word' id='word_1_163' title='bbox 936 2993 991 3045; x_wconf 89' lang='lat' dir='ltr'><strong>in</strong></span> <span class='ocrx_word' id='word_1_164' title='bbox 1019 2991 1185 3062; x_wconf 87' lang='lat' dir='ltr'><strong>capite</strong></span> <span class='ocrx_word' id='word_1_165' title='bbox 1203 3031 1219 3058; x_wconf 92' lang='lat'><strong>,</strong></span> <span class='ocrx_word' id='word_1_166' title='bbox 1239 2988 1330 3043; x_wconf 89' lang='lat' dir='ltr'><strong>sed</strong></span> <span class='ocrx_word' id='word_1_167' title='bbox 1358 2989 1412 3042; x_wconf 88' lang='lat' dir='ltr'><strong>in</strong></span> <span class='ocrx_word' id='word_1_168' title='bbox 1440 2988 1671 3043; x_wconf 82' lang='lat' dir='ltr'><strong>filamine</strong></span> <span class='ocrx_word' id='word_1_169' title='bbox 1693 3008 1819 3059; x_wconf 91' lang='lat' dir='ltr'><strong>quo·</strong></span> 
     </span>
     <span class='ocr_line' id='line_1_30' title="bbox 799 3065 1820 3137; baseline -0.003 -14"><span class='ocrx_word' id='word_1_170' title='bbox 799 3069 936 3123; x_wconf 89' lang='lat' dir='ltr'><strong>dam.</strong></span> <span class='ocrx_word' id='word_1_171' title='bbox 953 3068 1122 3122; x_wconf 80' lang='lat' dir='ltr'><strong>Erant</strong></span> <span class='ocrx_word' id='word_1_172' title='bbox 1138 3079 1317 3122; x_wconf 87' lang='lat' dir='ltr'><strong>autem</strong></span> <span class='ocrx_word' id='word_1_173' title='bbox 1331 3084 1530 3121; x_wconf 87' lang='lat' dir='ltr'><strong>cornua</strong></span> <span class='ocrx_word' id='word_1_174' title='bbox 1547 3065 1689 3137; x_wconf 83' lang='lat' dir='ltr'><strong>apud</strong></span> <span class='ocrx_word' id='word_1_175' title='bbox 1706 3068 1820 3120; x_wconf 89' lang='lat' dir='ltr'><strong>Ve-</strong></span> 
     </span>
     <span class='ocr_line' id='line_1_31' title="bbox 795 3145 1817 3218; baseline -0.004 -17"><span class='ocrx_word' id='word_1_176' title='bbox 795 3158 936 3201; x_wconf 84' lang='lat' dir='ltr'><strong>teres</strong></span> <span class='ocrx_word' id='word_1_177' title='bbox 969 3145 1268 3218; x_wconf 81' lang='lat' dir='ltr'><strong>symbolum</strong></span> <span class='ocrx_word' id='word_1_178' title='bbox 1300 3146 1584 3214; x_wconf 81' lang='lat' dir='ltr'><strong>maiestatis</strong></span> <span class='ocrx_word' id='word_1_179' title='bbox 1621 3154 1676 3198; x_wconf 89' lang='lat' dir='ltr'><strong>et</strong></span> <span class='ocrx_word' id='word_1_180' title='bbox 1708 3164 1817 3215; x_wconf 92' lang='lat' dir='ltr'><strong>po—</strong></span> 
     </span>
     <span class='ocr_line' id='line_1_32' title="bbox 796 3221 1818 3281; baseline -0.005 0"><span class='ocrx_word' id='word_1_181' title='bbox 796 3225 978 3281; x_wconf 64' lang='lat' dir='ltr'><strong>tentie</strong></span> <span class='ocrx_word' id='word_1_182' title='bbox 998 3244 1010 3277; x_wconf 93' lang='lat'>:</span> <span class='ocrx_word' id='word_1_183' title='bbox 1034 3223 1136 3277; x_wconf 78' lang='lat' dir='ltr'><strong>vid.</strong></span> <span class='ocrx_word' id='word_1_184' title='bbox 1154 3222 1256 3277; x_wconf 81' lang='lat' dir='ltr'><strong>Th.</strong></span> <span class='ocrx_word' id='word_1_185' title='bbox 1279 3222 1574 3277; x_wconf 86' lang='lat' dir='ltr'><strong>Bartholin.</strong></span> <span class='ocrx_word' id='word_1_186' title='bbox 1596 3221 1662 3276; x_wconf 90' lang='lat' dir='ltr'><strong>de</strong></span> <span class='ocrx_word' id='word_1_187' title='bbox 1684 3223 1818 3276; x_wconf 90' lang='lat' dir='ltr'><strong>Uni·</strong></span> 
     </span>
    </p>
   </div>
   <div class='ocr_carea' id='block_1_5' title="bbox 791 3301 1819 3610">
    <p class='ocr_par' dir='ltr' id='par_1_7' title="bbox 791 3301 1819 3610">
     <span class='ocr_line' id='line_1_33' title="bbox 799 3301 1819 3376; baseline -0.006 -15"><span class='ocrx_word' id='word_1_188' title='bbox 799 3324 946 3361; x_wconf 88' lang='lat' dir='ltr'><strong>corn.</strong></span> <span class='ocrx_word' id='word_1_189' title='bbox 969 3324 1078 3376; x_wconf 86' lang='lat' dir='ltr'><strong>cap.</strong></span> <span class='ocrx_word' id='word_1_190' title='bbox 1099 3325 1126 3357; x_wconf 79' lang='lat'>2</span> <span class='ocrx_word' id='word_1_191' title='bbox 1146 3313 1201 3358; x_wconf 86' lang='lat' dir='ltr'><strong>et</strong></span> <span class='ocrx_word' id='word_1_192' title='bbox 1224 3304 1271 3357; x_wconf 81' lang='lat'><strong>3.</strong></span> <span class='ocrx_word' id='word_1_193' title='bbox 1293 3302 1439 3356; x_wconf 88' lang='lat' dir='ltr'><strong>Hinc</strong></span> <span class='ocrx_word' id='word_1_194' title='bbox 1456 3301 1691 3356; x_wconf 87' lang='lat' dir='ltr'><strong>Bacchus</strong></span> <span class='ocrx_word' id='word_1_195' title='bbox 1703 3324 1819 3357; x_wconf 78' lang='lat' dir='ltr'><strong>cor·-</strong></span> 
     </span>
     <span class='ocr_line' id='line_1_34' title="bbox 796 3384 1818 3459; baseline -0.006 -20"><span class='ocrx_word' id='word_1_196' title='bbox 796 3390 952 3454; x_wconf 62' lang='lat' dir='ltr'><strong>m&#39;ger,</strong></span> <span class='ocrx_word' id='word_1_197' title='bbox 981 3393 1154 3459; x_wconf 62' lang='grc' dir='ltr'><strong>κεραῒος</strong></span> <span class='ocrx_word' id='word_1_198' title='bbox 1171 3421 1186 3447; x_wconf 86' lang='grc'><em>,</em></span> <span class='ocrx_word' id='word_1_199' title='bbox 1214 3385 1496 3458; x_wconf 60' lang='grc' dir='ltr'><strong>κερασφὸρος,</strong></span> <span class='ocrx_word' id='word_1_200' title='bbox 1531 3384 1818 3455; x_wconf 68' lang='grc' dir='ltr'><strong>ταυρόκερως.</strong></span> 
     </span>
     <span class='ocr_line' id='line_1_35' title="bbox 791 3455 1812 3528; baseline -0.008 -11"><span class='ocrx_word' id='word_1_201' title='bbox 791 3492 860 3505; x_wconf 91' lang='lat'><em>-</em></span> <span class='ocrx_word' id='word_1_202' title='bbox 881 3462 966 3516; x_wconf 88' lang='lat' dir='ltr'><strong>De</strong></span> <span class='ocrx_word' id='word_1_203' title='bbox 997 3464 1217 3528; x_wconf 58' lang='lat' dir='ltr'><strong>virgineo</strong></span> <span class='ocrx_word' id='word_1_204' title='bbox 1250 3464 1417 3525; x_wconf 72' lang='lat' dir='ltr'><strong>capite</strong></span> <span class='ocrx_word' id='word_1_205' title='bbox 1445 3455 1565 3510; x_wconf 82' lang='lat' dir='ltr'><strong>vide</strong></span> <span class='ocrx_word' id='word_1_206' title='bbox 1591 3455 1655 3509; x_wconf 83' lang='lat' dir='ltr'><strong>ad</strong></span> <span class='ocrx_word' id='word_1_207' title='bbox 1695 3456 1777 3509; x_wconf 82' lang='grc' dir='ltr'><strong>ΠΙ</strong></span> <span class='ocrx_word' id='word_1_208' title='bbox 1797 3498 1812 3524; x_wconf 85' lang='grc'><em>,</em></span> 
     </span>
     <span class='ocr_line' id='line_1_36' title="bbox 796 3533 1815 3610; baseline -0.006 -16"><span class='ocrx_word' id='word_1_209' title='bbox 796 3541 910 3610; x_wconf 77' lang='lat'><strong>607.</strong></span> <span class='ocrx_word' id='word_1_210' title='bbox 948 3567 1014 3581; x_wconf 91' lang='lat'><strong>--</strong></span> <span class='ocrx_word' id='word_1_211' title='bbox 1052 3540 1147 3592; x_wconf 79' lang='lat' dir='ltr'><strong>Ad</strong></span> <span class='ocrx_word' id='word_1_212' title='bbox 1174 3554 1344 3606; x_wconf 76' lang='lat' dir='ltr'><strong>usque.</strong></span> <span class='ocrx_word' id='word_1_213' title='bbox 1378 3536 1561 3605; x_wconf 88' lang='lat' dir='ltr'><strong>Usque</strong></span> <span class='ocrx_word' id='word_1_214' title='bbox 1596 3533 1663 3588; x_wconf 89' lang='lat' dir='ltr'><strong>ad</strong></span> <span class='ocrx_word' id='word_1_215' title='bbox 1696 3553 1815 3588; x_wconf 88' lang='lat' dir='ltr'><strong>eam</strong></span> 
     </span>
    </p>
   </div>
   <div class='ocr_carea' id='block_1_6' title="bbox 795 3628 1814 3745">
    <p class='ocr_par' dir='ltr' id='par_1_8' title="bbox 795 3628 1814 3745">
     <span class='ocr_line' id='line_1_37' title="bbox 795 3628 1195 3684; baseline -0.01 -12"><span class='ocrx_word' id='word_1_216' title='bbox 795 3628 993 3672; x_wconf 81' lang='lat' dir='ltr'><strong>terram</strong></span> <span class='ocrx_word' id='word_1_217' title='bbox 1021 3653 1036 3679; x_wconf 95' lang='lat'><strong>,</strong></span> <span class='ocrx_word' id='word_1_218' title='bbox 1078 3633 1195 3684; x_wconf 91' lang='lat' dir='ltr'><strong>qua.</strong></span> 
     </span>
     <span class='ocr_line' id='line_1_38' title="bbox 858 3688 1814 3745; baseline -0.002 -1"><span class='ocrx_word' id='word_1_219' title='bbox 858 3712 938 3745; x_wconf 70' lang='grc' dir='ltr'><strong>αι.</strong></span> <span class='ocrx_word' id='word_1_220' title='bbox 969 3693 1194 3744; x_wconf 81' lang='lat' dir='ltr'><em>Decolor</em></span> <span class='ocrx_word' id='word_1_221' title='bbox 1210 3696 1428 3743; x_wconf 71' lang='lat' dir='ltr'><strong>extremo</strong></span> <span class='ocrx_word' id='word_1_222' title='bbox 1462 3701 1558 3744; x_wconf 78' lang='lat' dir='ltr'><strong>etc.</strong></span> <span class='ocrx_word' id='word_1_223' title='bbox 1598 3688 1684 3743; x_wconf 90' lang='lat' dir='ltr'><strong>De</strong></span> <span class='ocrx_word' id='word_1_224' title='bbox 1713 3708 1814 3743; x_wconf 85' lang='lat' dir='ltr'><strong>ex-</strong></span> 
     </span>
    </p>
   </div>
   <div class='ocr_carea' id='block_1_7' title="bbox 786 3768 1815 4392">
    <p class='ocr_par' dir='ltr' id='par_1_9' title="bbox 786 3768 1815 4392">
     <span class='ocr_line' id='line_1_39' title="bbox 796 3768 1815 3841; baseline -0.002 -16"><span class='ocrx_word' id='word_1_225' title='bbox 796 3769 1066 3841; x_wconf 81' lang='lat' dir='ltr'><strong>peditione</strong></span> <span class='ocrx_word' id='word_1_226' title='bbox 1087 3769 1276 3823; x_wconf 83' lang='lat' dir='ltr'><strong>Bacchi</strong></span> <span class='ocrx_word' id='word_1_227' title='bbox 1302 3768 1507 3831; x_wconf 88' lang='lat' dir='ltr'><strong>Indica,</strong></span> <span class='ocrx_word' id='word_1_228' title='bbox 1533 3770 1683 3838; x_wconf 84' lang='lat' dir='ltr'><strong>cujus</strong></span> <span class='ocrx_word' id='word_1_229' title='bbox 1705 3789 1815 3823; x_wconf 87' lang='lat' dir='ltr'><strong>cre·</strong></span> 
     </span>
     <span class='ocr_line' id='line_1_40' title="bbox 790 3848 1813 3920; baseline -0.003 -15"><span class='ocrx_word' id='word_1_230' title='bbox 790 3852 886 3905; x_wconf 88' lang='lat' dir='ltr'><strong>bra</strong></span> <span class='ocrx_word' id='word_1_231' title='bbox 906 3849 1043 3920; x_wconf 86' lang='lat' dir='ltr'><strong>apud</strong></span> <span class='ocrx_word' id='word_1_232' title='bbox 1057 3859 1235 3919; x_wconf 76' lang='lat' dir='ltr'><strong>poetas</strong></span> <span class='ocrx_word' id='word_1_233' title='bbox 1257 3849 1459 3901; x_wconf 88' lang='lat' dir='ltr'><strong>mentio</strong></span> <span class='ocrx_word' id='word_1_234' title='bbox 1473 3887 1489 3915; x_wconf 91' lang='lat'><strong>,</strong></span> <span class='ocrx_word' id='word_1_235' title='bbox 1507 3848 1610 3901; x_wconf 79' lang='lat' dir='ltr'><strong>vid.</strong></span> <span class='ocrx_word' id='word_1_236' title='bbox 1631 3849 1813 3902; x_wconf 81' lang='lat' dir='ltr'><strong>Nonni</strong></span> 
     </span>
     <span class='ocr_line' id='line_1_41' title="bbox 791 3926 1815 4002; baseline -0.001 -18"><span class='ocrx_word' id='word_1_237' title='bbox 791 3929 1111 4002; x_wconf 77' lang='lat' dir='ltr'><strong>Dionysiaca</strong></span> <span class='ocrx_word' id='word_1_238' title='bbox 1135 3938 1189 3982; x_wconf 89' lang='lat' dir='ltr'><strong>et</strong></span> <span class='ocrx_word' id='word_1_239' title='bbox 1215 3926 1374 3982; x_wconf 84' lang='lat' dir='ltr'><strong>Diod.</strong></span> <span class='ocrx_word' id='word_1_240' title='bbox 1397 3927 1498 3981; x_wconf 86' lang='lat' dir='ltr'><strong>Sic.</strong></span> <span class='ocrx_word' id='word_1_241' title='bbox 1518 3927 1603 3980; x_wconf 85' lang='lat' dir='ltr'><strong>lib.</strong></span> <span class='ocrx_word' id='word_1_242' title='bbox 1630 3927 1723 3983; x_wconf 85' lang='lat' dir='ltr'><strong>1V.</strong></span> <span class='ocrx_word' id='word_1_243' title='bbox 1746 3956 1815 3969; x_wconf 92' lang='lat'><em>-</em></span> 
     </span>
     <span class='ocr_line' id='line_1_42' title="bbox 792 4005 1813 4078; baseline 0 -17"><span class='ocrx_word' id='word_1_244' title='bbox 792 4010 948 4061; x_wconf 79' lang='lat' dir='ltr'><strong>Liber</strong></span> <span class='ocrx_word' id='word_1_245' title='bbox 980 4019 1129 4078; x_wconf 87' lang='lat' dir='ltr'><strong>pater</strong></span> <span class='ocrx_word' id='word_1_246' title='bbox 1162 4006 1365 4076; x_wconf 82' lang='lat' dir='ltr'><strong>primus</strong></span> <span class='ocrx_word' id='word_1_247' title='bbox 1408 4005 1652 4059; x_wconf 89' lang='lat' dir='ltr'><strong>omnium</strong></span> <span class='ocrx_word' id='word_1_248' title='bbox 1689 4026 1813 4061; x_wconf 88' lang='lat' dir='ltr'><strong>cum</strong></span> 
     </span>
     <span class='ocr_line' id='line_1_43' title="bbox 786 4086 1810 4157; baseline -0.002 -15"><span class='ocrx_word' id='word_1_249' title='bbox 786 4089 1048 4155; x_wconf 78' lang='lat' dir='ltr'><strong>exercitu,</strong></span> <span class='ocrx_word' id='word_1_250' title='bbox 1086 4087 1145 4140; x_wconf 85' lang='lat' dir='ltr'><strong>in</strong></span> <span class='ocrx_word' id='word_1_251' title='bbox 1173 4106 1278 4157; x_wconf 90' lang='lat' dir='ltr'><strong>quo</strong></span> <span class='ocrx_word' id='word_1_252' title='bbox 1316 4086 1560 4140; x_wconf 83' lang='lat' dir='ltr'><strong>mulieres</strong></span> <span class='ocrx_word' id='word_1_253' title='bbox 1599 4105 1810 4156; x_wconf 89' lang='lat' dir='ltr'><strong>quoque</strong></span> 
     </span>
     <span class='ocr_line' id='line_1_44' title="bbox 788 4163 1810 4234; baseline 0 -16"><span class='ocrx_word' id='word_1_254' title='bbox 788 4175 946 4218; x_wconf 83' lang='lat' dir='ltr'><strong>erant</strong></span> <span class='ocrx_word' id='word_1_255' title='bbox 959 4165 1193 4218; x_wconf 80' lang='lat' dir='ltr'><strong>furentes</strong></span> <span class='ocrx_word' id='word_1_256' title='bbox 1206 4204 1222 4230; x_wconf 93' lang='lat'><strong>,</strong></span> <span class='ocrx_word' id='word_1_257' title='bbox 1245 4164 1300 4217; x_wconf 90' lang='lat' dir='ltr'><strong>in</strong></span> <span class='ocrx_word' id='word_1_258' title='bbox 1319 4163 1528 4218; x_wconf 83' lang='lat' dir='ltr'><strong>Indiam</strong></span> <span class='ocrx_word' id='word_1_259' title='bbox 1553 4164 1810 4234; x_wconf 77' lang='lat' dir='ltr'><strong>ingressus</strong></span> 
     </span>
     <span class='ocr_line' id='line_1_45' title="bbox 786 4244 1812 4314; baseline -0.004 -15"><span class='ocrx_word' id='word_1_260' title='bbox 786 4244 943 4299; x_wconf 79' lang='lat' dir='ltr'><strong>fuisse</strong></span> <span class='ocrx_word' id='word_1_261' title='bbox 963 4285 977 4305; x_wconf 82' lang='lat'><strong>,</strong></span> <span class='ocrx_word' id='word_1_262' title='bbox 1004 4263 1227 4314; x_wconf 89' lang='lat' dir='ltr'><strong>eamque</strong></span> <span class='ocrx_word' id='word_1_263' title='bbox 1250 4244 1510 4312; x_wconf 73' lang='lat' dir='ltr'>subegisse</span> <span class='ocrx_word' id='word_1_264' title='bbox 1539 4283 1554 4309; x_wconf 95' lang='lat'><strong>,</strong></span> <span class='ocrx_word' id='word_1_265' title='bbox 1599 4262 1658 4296; x_wconf 87' lang='lat' dir='ltr'><strong>ac</strong></span> <span class='ocrx_word' id='word_1_266' title='bbox 1681 4261 1812 4312; x_wconf 77' lang='lat' dir='ltr'><strong>gen·-</strong></span> 
     </span>
     <span class='ocr_line' id='line_1_46' title="bbox 790 4320 1808 4392; baseline -0.007 -13"><span class='ocrx_word' id='word_1_267' title='bbox 790 4333 904 4379; x_wconf 87' lang='lat' dir='ltr'><strong>tem</strong></span> <span class='ocrx_word' id='word_1_268' title='bbox 941 4322 1073 4377; x_wconf 89' lang='lat' dir='ltr'><strong>nulli</strong></span> <span class='ocrx_word' id='word_1_269' title='bbox 1108 4340 1345 4392; x_wconf 86' lang='lat' dir='ltr'><strong>unquam</strong></span> <span class='ocrx_word' id='word_1_270' title='bbox 1381 4320 1664 4374; x_wconf 86' lang='lat' dir='ltr'><strong>hominum</strong></span> <span class='ocrx_word' id='word_1_271' title='bbox 1701 4320 1808 4373; x_wconf 87' lang='lat' dir='ltr'><strong>ob-</strong></span> 
     </span>
    </p>
   </div>
   <div class='ocr_carea' id='block_1_8' title="bbox 1892 1347 2942 3845">
    <p class='ocr_par' dir='ltr' id='par_1_10' title="bbox 1892 1347 2942 3370">
     <span class='ocr_line' id='line_1_47' title="bbox 1929 1347 2935 1419; baseline 0.001 -17"><span class='ocrx_word' id='word_1_272' title='bbox 1929 1347 2141 1403; x_wconf 80' lang='lat' dir='ltr'><strong>noxiam</strong></span> <span class='ocrx_word' id='word_1_273' title='bbox 2162 1390 2178 1417; x_wconf 91' lang='lat'><strong>,</strong></span> <span class='ocrx_word' id='word_1_274' title='bbox 2214 1369 2272 1403; x_wconf 90' lang='lat' dir='ltr'><strong>ac</strong></span> <span class='ocrx_word' id='word_1_275' title='bbox 2293 1348 2400 1403; x_wconf 81' lang='lat' dir='ltr'><strong>sola</strong></span> <span class='ocrx_word' id='word_1_276' title='bbox 2418 1348 2594 1419; x_wconf 84' lang='lat' dir='ltr'><strong>quiete</strong></span> <span class='ocrx_word' id='word_1_277' title='bbox 2610 1358 2905 1403; x_wconf 80' lang='lat' dir='ltr'><strong>contentam</strong></span> <span class='ocrx_word' id='word_1_278' title='bbox 2922 1389 2935 1413; x_wconf 84' lang='lat'><strong>.</strong></span> 
     </span>
     <span class='ocr_line' id='line_1_48' title="bbox 1929 1427 2939 1496; baseline -0.002 -15"><span class='ocrx_word' id='word_1_279' title='bbox 1929 1427 2154 1481; x_wconf 73' lang='lat' dir='ltr'><strong>coedibus</strong></span> <span class='ocrx_word' id='word_1_280' title='bbox 2199 1427 2605 1496; x_wconf 83' lang='lat' dir='ltr'><strong>libidinibusque</strong></span> <span class='ocrx_word' id='word_1_281' title='bbox 2653 1446 2856 1480; x_wconf 78' lang='lat' dir='ltr'><strong>vexasse</strong></span> <span class='ocrx_word' id='word_1_282' title='bbox 2888 1447 2939 1479; x_wconf 85' lang='lat' dir='ltr'><strong>ac</strong></span> 
     </span>
     <span class='ocr_line' id='line_1_49' title="bbox 1928 1504 2941 1576; baseline 0 -18"><span class='ocrx_word' id='word_1_283' title='bbox 1928 1505 2167 1576; x_wconf 84' lang='lat' dir='ltr'><strong>polluisse</strong></span> <span class='ocrx_word' id='word_1_284' title='bbox 2189 1546 2204 1572; x_wconf 95' lang='lat'><strong>,</strong></span> <span class='ocrx_word' id='word_1_285' title='bbox 2241 1504 2469 1575; x_wconf 84' lang='lat' dir='ltr'><strong>indeque</strong></span> <span class='ocrx_word' id='word_1_286' title='bbox 2497 1504 2941 1575; x_wconf 81' lang='lat' dir='ltr'><strong>magnificentissi-</strong></span> 
     </span>
     <span class='ocr_line' id='line_1_50' title="bbox 1929 1582 2941 1654; baseline -0.002 -17"><span class='ocrx_word' id='word_1_287' title='bbox 1929 1602 2079 1637; x_wconf 87' lang='lat' dir='ltr'><strong>mum</strong></span> <span class='ocrx_word' id='word_1_288' title='bbox 2105 1582 2435 1654; x_wconf 86' lang='lat' dir='ltr'><strong>triumphum</strong></span> <span class='ocrx_word' id='word_1_289' title='bbox 2453 1593 2745 1652; x_wconf 84' lang='lat' dir='ltr'><strong>reportasse</strong></span> <span class='ocrx_word' id='word_1_290' title='bbox 2771 1583 2941 1636; x_wconf 81' lang='lat' dir='ltr'><strong>fertur.</strong></span> 
     </span>
     <span class='ocr_line' id='line_1_51' title="bbox 1927 1658 2941 1714; baseline -0.002 0"><span class='ocrx_word' id='word_1_291' title='bbox 1927 1663 2027 1714; x_wconf 79' lang='lat' dir='ltr'><strong>Ed.</strong></span> <span class='ocrx_word' id='word_1_292' title='bbox 2056 1688 2125 1701; x_wconf 91' lang='lat'><em>-</em></span> <span class='ocrx_word' id='word_1_293' title='bbox 2145 1662 2369 1714; x_wconf 82' lang='lat' dir='ltr'><strong>Decolor</strong></span> <span class='ocrx_word' id='word_1_294' title='bbox 2396 1658 2461 1713; x_wconf 88' lang='lat' dir='ltr'><strong>de</strong></span> <span class='ocrx_word' id='word_1_295' title='bbox 2485 1660 2661 1714; x_wconf 90' lang='lat' dir='ltr'><strong>colore</strong></span> <span class='ocrx_word' id='word_1_296' title='bbox 2685 1659 2866 1713; x_wconf 76' lang='lat' dir='ltr'><strong>vitiato</strong></span> <span class='ocrx_word' id='word_1_297' title='bbox 2892 1671 2941 1712; x_wconf 90' lang='lat' dir='ltr'><strong>et</strong></span> 
     </span>
     <span class='ocr_line' id='line_1_52' title="bbox 1927 1738 2940 1795; baseline 0.001 -3"><span class='ocrx_word' id='word_1_298' title='bbox 1927 1738 2152 1793; x_wconf 82' lang='lat' dir='ltr'><strong>deformi</strong></span> <span class='ocrx_word' id='word_1_299' title='bbox 2180 1740 2384 1794; x_wconf 87' lang='lat' dir='ltr'><strong>dicitur.</strong></span> <span class='ocrx_word' id='word_1_300' title='bbox 2432 1741 2505 1795; x_wconf 88' lang='lat' dir='ltr'><strong>H.</strong></span> <span class='ocrx_word' id='word_1_301' title='bbox 2543 1740 2577 1794; x_wconf 89' lang='grc' dir='ltr'><strong>Ι.</strong></span> <span class='ocrx_word' id='word_1_302' title='bbox 2610 1739 2760 1793; x_wconf 85' lang='lat' dir='ltr'><strong>color</strong></span> <span class='ocrx_word' id='word_1_303' title='bbox 2780 1742 2940 1795; x_wconf 79' lang='lat' dir='ltr'><strong>fuscus</strong></span> 
     </span>
     <span class='ocr_line' id='line_1_53' title="bbox 1925 1817 2942 1888; baseline 0.002 -19"><span class='ocrx_word' id='word_1_304' title='bbox 1925 1817 2253 1888; x_wconf 80' lang='lat' dir='ltr'><strong>intelligitur.</strong></span> <span class='ocrx_word' id='word_1_305' title='bbox 2304 1818 2456 1872; x_wconf 82' lang='lat' dir='ltr'><strong>Fusci</strong></span> <span class='ocrx_word' id='word_1_306' title='bbox 2491 1818 2638 1870; x_wconf 88' lang='lat' dir='ltr'><strong>enim</strong></span> <span class='ocrx_word' id='word_1_307' title='bbox 2669 1829 2794 1873; x_wconf 88' lang='lat' dir='ltr'><strong>sunt</strong></span> <span class='ocrx_word' id='word_1_308' title='bbox 2832 1818 2942 1871; x_wconf 89' lang='lat' dir='ltr'><strong>lndi</strong></span> 
     </span>
     <span class='ocr_line' id='line_1_54' title="bbox 1925 1895 2936 1965; baseline 0.001 -17"><span class='ocrx_word' id='word_1_309' title='bbox 1925 1906 2142 1965; x_wconf 86' lang='lat' dir='ltr'><strong>propter</strong></span> <span class='ocrx_word' id='word_1_310' title='bbox 2157 1896 2277 1950; x_wconf 83' lang='lat' dir='ltr'><strong>solis</strong></span> <span class='ocrx_word' id='word_1_311' title='bbox 2302 1906 2487 1949; x_wconf 76' lang='lat' dir='ltr'><strong>aestum</strong></span> <span class='ocrx_word' id='word_1_312' title='bbox 2506 1915 2520 1948; x_wconf 78' lang='lat' dir='ltr'><strong>t</strong></span> <span class='ocrx_word' id='word_1_313' title='bbox 2540 1895 2718 1949; x_wconf 82' lang='lat' dir='ltr'><strong>Tibul.</strong></span> <span class='ocrx_word' id='word_1_314' title='bbox 2744 1896 2801 1949; x_wconf 88' lang='lat'><strong>11</strong></span> <span class='ocrx_word' id='word_1_315' title='bbox 2816 1936 2831 1963; x_wconf 86' lang='lat'><strong>,</strong></span> <span class='ocrx_word' id='word_1_316' title='bbox 2856 1914 2936 1955; x_wconf 76' lang='lat' dir='ltr'><strong>vl.</strong></span> 
     </span>
     <span class='ocr_line' id='line_1_55' title="bbox 1931 1972 2937 2043; baseline 0 -18"><span class='ocrx_word' id='word_1_317' title='bbox 1931 1993 1989 2026; x_wconf 64' lang='grc' dir='ltr'><strong>ια</strong></span> <span class='ocrx_word' id='word_1_318' title='bbox 2010 1994 2026 2038; x_wconf 75' lang='lat'>3</span> <span class='ocrx_word' id='word_1_319' title='bbox 2050 1972 2154 2026; x_wconf 77' lang='lat' dir='ltr'><strong>vid.</strong></span> <span class='ocrx_word' id='word_1_320' title='bbox 2180 1973 2469 2028; x_wconf 77' lang='lat' dir='ltr'><strong>Bruckhus.</strong></span> <span class='ocrx_word' id='word_1_321' title='bbox 2489 1972 2554 2027; x_wconf 91' lang='lat' dir='ltr'><strong>ad</strong></span> <span class='ocrx_word' id='word_1_322' title='bbox 2578 1973 2824 2043; x_wconf 83' lang='lat' dir='ltr'><strong>Propert.</strong></span> <span class='ocrx_word' id='word_1_323' title='bbox 2846 1974 2937 2039; x_wconf 84' lang='lat' dir='ltr'><strong>IV,</strong></span> 
     </span>
     <span class='ocr_line' id='line_1_56' title="bbox 1923 2050 2938 2119; baseline 0.002 -16"><span class='ocrx_word' id='word_1_324' title='bbox 1923 2065 1994 2103; x_wconf 84' lang='lat'><strong>111</strong></span> <span class='ocrx_word' id='word_1_325' title='bbox 2011 2089 2026 2117; x_wconf 91' lang='lat'><strong>,</strong></span> <span class='ocrx_word' id='word_1_326' title='bbox 2058 2069 2133 2103; x_wconf 80' lang='grc' dir='ltr'><strong>ιο.</strong></span> <span class='ocrx_word' id='word_1_327' title='bbox 2172 2053 2385 2104; x_wconf 68' lang='lat' dir='ltr'><strong>Fut-vam</strong></span> <span class='ocrx_word' id='word_1_328' title='bbox 2410 2058 2605 2119; x_wconf 61' lang='lat' dir='ltr'><strong>genten</strong></span> <span class='ocrx_word' id='word_1_329' title='bbox 2636 2050 2802 2106; x_wconf 86' lang='lat' dir='ltr'><strong>Indos</strong></span> <span class='ocrx_word' id='word_1_330' title='bbox 2821 2050 2938 2105; x_wconf 80' lang='lat' dir='ltr'><strong>dixit</strong></span> 
     </span>
     <span class='ocr_line' id='line_1_57' title="bbox 1922 2127 2937 2199; baseline 0.002 -18"><span class='ocrx_word' id='word_1_331' title='bbox 1922 2127 2226 2196; x_wconf 81' lang='lat' dir='ltr'><strong>Juvenalis,</strong></span> <span class='ocrx_word' id='word_1_332' title='bbox 2270 2129 2378 2183; x_wconf 84' lang='grc' dir='ltr'><strong>ΧΠ</strong></span> <span class='ocrx_word' id='word_1_333' title='bbox 2396 2169 2412 2195; x_wconf 84' lang='grc'><em>,</em></span> <span class='ocrx_word' id='word_1_334' title='bbox 2442 2129 2522 2182; x_wconf 81' lang='grc'><strong>86.</strong></span> <span class='ocrx_word' id='word_1_335' title='bbox 2551 2129 2759 2199; x_wconf 85' lang='lat' dir='ltr'><strong>Nempe</strong></span> <span class='ocrx_word' id='word_1_336' title='bbox 2765 2129 2937 2197; x_wconf 66' lang='lat' dir='ltr'><strong>finos</strong></span> 
     </span>
     <span class='ocr_line' id='line_1_58' title="bbox 1922 2203 2933 2277; baseline 0.002 -18"><span class='ocrx_word' id='word_1_337' title='bbox 1922 2203 2167 2260; x_wconf 84' lang='lat' dir='ltr'><strong>dicebant</strong></span> <span class='ocrx_word' id='word_1_338' title='bbox 2198 2207 2516 2261; x_wconf 82' lang='lat' dir='ltr'><strong>recentiores</strong></span> <span class='ocrx_word' id='word_1_339' title='bbox 2537 2246 2551 2273; x_wconf 92' lang='lat'><strong>,</strong></span> <span class='ocrx_word' id='word_1_340' title='bbox 2585 2225 2719 2276; x_wconf 86' lang='lat' dir='ltr'><strong>quos</strong></span> <span class='ocrx_word' id='word_1_341' title='bbox 2743 2208 2933 2277; x_wconf 81' lang='lat' dir='ltr'><strong>antiqui</strong></span> 
     </span>
     <span class='ocr_line' id='line_1_59' title="bbox 1900 2284 2934 2354; baseline 0.003 -16"><span class='ocrx_word' id='word_1_342' title='bbox 1900 2284 2107 2353; x_wconf 76' lang='lat' dir='ltr'><strong>fuscos.</strong></span> <span class='ocrx_word' id='word_1_343' title='bbox 2120 2286 2343 2340; x_wconf 82' lang='lat' dir='ltr'><strong>Decolor</strong></span> <span class='ocrx_word' id='word_1_344' title='bbox 2352 2288 2512 2340; x_wconf 75' lang='lat' dir='ltr'><strong>Indus</strong></span> <span class='ocrx_word' id='word_1_345' title='bbox 2524 2297 2602 2341; x_wconf 87' lang='lat' dir='ltr'><strong>est</strong></span> <span class='ocrx_word' id='word_1_346' title='bbox 2619 2287 2784 2341; x_wconf 87' lang='lat' dir='ltr'><strong>etiam</strong></span> <span class='ocrx_word' id='word_1_347' title='bbox 2802 2327 2818 2354; x_wconf 91' lang='lat'><strong>,</strong></span> <span class='ocrx_word' id='word_1_348' title='bbox 2840 2287 2934 2341; x_wconf 77' lang='lat' dir='ltr'><strong>vid.</strong></span> 
     </span>
     <span class='ocr_line' id='line_1_60' title="bbox 1919 2363 2933 2429; baseline 0 -12"><span class='ocrx_word' id='word_1_349' title='bbox 1919 2363 2079 2418; x_wconf 87' lang='lat' dir='ltr'><strong>Trist.</strong></span> <span class='ocrx_word' id='word_1_350' title='bbox 2100 2364 2215 2429; x_wconf 85' lang='lat' dir='ltr'><strong>III;</strong></span> <span class='ocrx_word' id='word_1_351' title='bbox 2247 2376 2301 2419; x_wconf 89' lang='lat' dir='ltr'><strong>et</strong></span> <span class='ocrx_word' id='word_1_352' title='bbox 2321 2367 2526 2419; x_wconf 80' lang='lat' dir='ltr'><strong>decolor</strong></span> <span class='ocrx_word' id='word_1_353' title='bbox 2550 2367 2733 2429; x_wconf 70' lang='grc' dir='ltr'><em>Ιπάίι,</em></span> <span class='ocrx_word' id='word_1_354' title='bbox 2759 2366 2933 2421; x_wconf 72' lang='lat' dir='ltr'><strong>Seuer.</strong></span> 
     </span>
     <span class='ocr_line' id='line_1_61' title="bbox 1924 2446 2933 2518; baseline 0.001 -18"><span class='ocrx_word' id='word_1_355' title='bbox 1924 2446 2086 2516; x_wconf 88' lang='lat' dir='ltr'><strong>Hipp.</strong></span> <span class='ocrx_word' id='word_1_356' title='bbox 2135 2447 2250 2513; x_wconf 75' lang='grc'><strong>344.</strong></span> <span class='ocrx_word' id='word_1_357' title='bbox 2288 2448 2517 2500; x_wconf 77' lang='lat' dir='ltr'><strong>Colo‘mli</strong></span> <span class='ocrx_word' id='word_1_358' title='bbox 2546 2448 2676 2500; x_wconf 68' lang='lat' dir='ltr'><strong>luda·</strong></span> <span class='ocrx_word' id='word_1_359' title='bbox 2691 2487 2705 2510; x_wconf 90' lang='lat'><strong>,</strong></span> <span class='ocrx_word' id='word_1_360' title='bbox 2749 2466 2933 2518; x_wconf 82' lang='lat' dir='ltr'><strong>nempe</strong></span> 
     </span>
     <span class='ocr_line' id='line_1_62' title="bbox 1918 2525 2932 2599; baseline -0.002 -20"><span class='ocrx_word' id='word_1_361' title='bbox 1918 2525 2195 2596; x_wconf 83' lang='lat' dir='ltr'><strong>AEthiopes</strong></span> <span class='ocrx_word' id='word_1_362' title='bbox 2214 2566 2228 2594; x_wconf 88' lang='lat'>‚</span> <span class='ocrx_word' id='word_1_363' title='bbox 2250 2525 2434 2597; x_wconf 74' lang='lat' dir='ltr'><strong>virgil.</strong></span> <span class='ocrx_word' id='word_1_364' title='bbox 2471 2525 2670 2597; x_wconf 75' lang='lat' dir='ltr'><strong>Georg.</strong></span> <span class='ocrx_word' id='word_1_365' title='bbox 2704 2526 2809 2593; x_wconf 67' lang='lat' dir='ltr'><strong>w,</strong></span> <span class='ocrx_word' id='word_1_366' title='bbox 2830 2530 2932 2599; x_wconf 74' lang='lat'>²93·</span> 
     </span>
     <span class='ocr_line' id='line_1_63' title="bbox 1915 2605 2934 2676; baseline 0 -18"><span class='ocrx_word' id='word_1_367' title='bbox 1915 2633 1983 2647; x_wconf 89' lang='lat'>—</span> <span class='ocrx_word' id='word_1_368' title='bbox 2007 2607 2300 2675; x_wconf 64' lang='lat' dir='ltr'><strong>Tiaetgm&#39;lur,</strong></span> <span class='ocrx_word' id='word_1_369' title='bbox 2328 2605 2633 2675; x_wconf 82' lang='lat' dir='ltr'><strong>exquisitius</strong></span> <span class='ocrx_word' id='word_1_370' title='bbox 2649 2624 2807 2676; x_wconf 88' lang='lat' dir='ltr'><strong>quam</strong></span> <span class='ocrx_word' id='word_1_371' title='bbox 2828 2646 2843 2671; x_wconf 84' lang='lat'><strong>,</strong></span> <span class='ocrx_word' id='word_1_372' title='bbox 2866 2606 2934 2658; x_wconf 81' lang='lat' dir='ltr'><strong>ir-</strong></span> 
     </span>
     <span class='ocr_line' id='line_1_64' title="bbox 1914 2682 2928 2753; baseline 0.001 -17"><span class='ocrx_word' id='word_1_373' title='bbox 1914 2683 2146 2753; x_wconf 76' lang='lat' dir='ltr'><strong>rigatur,</strong></span> <span class='ocrx_word' id='word_1_374' title='bbox 2176 2693 2232 2737; x_wconf 85' lang='lat' dir='ltr'><strong>et</strong></span> <span class='ocrx_word' id='word_1_375' title='bbox 2256 2682 2399 2753; x_wconf 89' lang='lat' dir='ltr'><strong>quod</strong></span> <span class='ocrx_word' id='word_1_376' title='bbox 2424 2683 2662 2753; x_wconf 85' lang='lat' dir='ltr'><strong>quinque</strong></span> <span class='ocrx_word' id='word_1_377' title='bbox 2683 2695 2741 2737; x_wconf 92' lang='lat' dir='ltr'><strong>et</strong></span> <span class='ocrx_word' id='word_1_378' title='bbox 2773 2684 2928 2737; x_wconf 84' lang='lat' dir='ltr'><strong>nostri</strong></span> 
     </span>
     <span class='ocr_line' id='line_1_65' title="bbox 1921 2759 2929 2830; baseline 0.001 -16"><span class='ocrx_word' id='word_1_379' title='bbox 1921 2760 2076 2830; x_wconf 81' lang='lat' dir='ltr'><strong>Regii</strong></span> <span class='ocrx_word' id='word_1_380' title='bbox 2109 2759 2308 2814; x_wconf 84' lang='lat' dir='ltr'><strong>babent</strong></span> <span class='ocrx_word' id='word_1_381' title='bbox 2348 2766 2581 2829; x_wconf 65' lang='lat' dir='ltr'><strong>cingitur.</strong></span> <span class='ocrx_word' id='word_1_382' title='bbox 2632 2761 2787 2816; x_wconf 88' lang='lat' dir='ltr'><strong>India</strong></span> <span class='ocrx_word' id='word_1_383' title='bbox 2828 2780 2929 2815; x_wconf 87' lang='lat' dir='ltr'><strong>non</strong></span> 
     </span>
     <span class='ocr_line' id='line_1_66' title="bbox 1914 2835 2929 2908; baseline 0.002 -19"><span class='ocrx_word' id='word_1_384' title='bbox 1914 2837 2144 2906; x_wconf 85' lang='lat' dir='ltr'><strong>cingitur</strong></span> <span class='ocrx_word' id='word_1_385' title='bbox 2156 2835 2359 2908; x_wconf 75' lang='lat' dir='ltr'><strong>Gange.</strong></span> <span class='ocrx_word' id='word_1_386' title='bbox 2381 2836 2585 2892; x_wconf 84' lang='lat' dir='ltr'><strong>Suadet</strong></span> <span class='ocrx_word' id='word_1_387' title='bbox 2600 2837 2929 2891; x_wconf 81' lang='lat' dir='ltr'><strong>Burmannus</strong></span> 
     </span>
     <span class='ocr_line' id='line_1_67' title="bbox 1892 2914 2929 2987; baseline 0.005 -21"><span class='ocrx_word' id='word_1_388' title='bbox 1892 2917 2127 2984; x_wconf 75' lang='lat' dir='ltr'><strong>findilur,</strong></span> <span class='ocrx_word' id='word_1_389' title='bbox 2156 2914 2277 2984; x_wconf 87' lang='lat' dir='ltr'><strong>quia</strong></span> <span class='ocrx_word' id='word_1_390' title='bbox 2297 2914 2452 2969; x_wconf 81' lang='lat' dir='ltr'><strong>India</strong></span> <span class='ocrx_word' id='word_1_391' title='bbox 2467 2916 2525 2969; x_wconf 88' lang='lat' dir='ltr'><strong>in</strong></span> <span class='ocrx_word' id='word_1_392' title='bbox 2543 2914 2673 2970; x_wconf 82' lang='lat' dir='ltr'><strong>duas</strong></span> <span class='ocrx_word' id='word_1_393' title='bbox 2685 2927 2856 2987; x_wconf 78' lang='lat' dir='ltr'><strong>partes</strong></span> <span class='ocrx_word' id='word_1_394' title='bbox 2871 2917 2929 2970; x_wconf 84' lang='lat' dir='ltr'><strong>ab</strong></span> 
     </span>
     <span class='ocr_line' id='line_1_68' title="bbox 1914 2989 2930 3063; baseline 0.001 -19"><span class='ocrx_word' id='word_1_395' title='bbox 1914 3008 1981 3044; x_wconf 91' lang='lat' dir='ltr'><strong>eo</strong></span> <span class='ocrx_word' id='word_1_396' title='bbox 2022 2989 2244 3045; x_wconf 83' lang='lat' dir='ltr'><strong>flumine</strong></span> <span class='ocrx_word' id='word_1_397' title='bbox 2289 2990 2558 3046; x_wconf 81' lang='lat' dir='ltr'><strong>dividitur.</strong></span> <span class='ocrx_word' id='word_1_398' title='bbox 2605 2992 2786 3047; x_wconf 86' lang='lat' dir='ltr'><strong>Hodie</strong></span> <span class='ocrx_word' id='word_1_399' title='bbox 2810 2993 2930 3063; x_wconf 89' lang='lat' dir='ltr'><strong>qui-</strong></span> 
     </span>
     <span class='ocr_line' id='line_1_69' title="bbox 1914 3068 2930 3140; baseline 0.002 -18"><span class='ocrx_word' id='word_1_400' title='bbox 1914 3068 2055 3132; x_wconf 86' lang='lat' dir='ltr'><strong>dem,</strong></span> <span class='ocrx_word' id='word_1_401' title='bbox 2071 3069 2163 3125; x_wconf 90' lang='lat' dir='ltr'><strong>sed</strong></span> <span class='ocrx_word' id='word_1_402' title='bbox 2179 3069 2363 3125; x_wconf 81' lang='lat' dir='ltr'><strong>Ovidii</strong></span> <span class='ocrx_word' id='word_1_403' title='bbox 2380 3071 2705 3140; x_wconf 84' lang='lat' dir='ltr'><strong>temporibus</strong></span> <span class='ocrx_word' id='word_1_404' title='bbox 2732 3075 2930 3140; x_wconf 66' lang='lat' dir='ltr'><strong>Ganges</strong></span> 
     </span>
     <span class='ocr_line' id='line_1_70' title="bbox 1913 3147 2927 3219; baseline 0.001 -18"><span class='ocrx_word' id='word_1_405' title='bbox 1913 3158 2029 3202; x_wconf 86' lang='lat' dir='ltr'><strong>erat</strong></span> <span class='ocrx_word' id='word_1_406' title='bbox 2053 3147 2312 3202; x_wconf 83' lang='lat' dir='ltr'><strong>terminus</strong></span> <span class='ocrx_word' id='word_1_407' title='bbox 2338 3147 2535 3214; x_wconf 55' lang='lat' dir='ltr'><strong>ludim</strong></span> <span class='ocrx_word' id='word_1_408' title='bbox 2560 3147 2680 3202; x_wconf 77' lang='lat' dir='ltr'><strong>vide</strong></span> <span class='ocrx_word' id='word_1_409' title='bbox 2707 3149 2782 3219; x_wconf 87' lang='lat' dir='ltr'><strong>Q.</strong></span> <span class='ocrx_word' id='word_1_410' title='bbox 2805 3148 2927 3203; x_wconf 88' lang='lat' dir='ltr'><strong>Cur-</strong></span> 
     </span>
     <span class='ocr_line' id='line_1_71' title="bbox 1910 3224 2928 3298; baseline 0.004 -20"><span class='ocrx_word' id='word_1_411' title='bbox 1910 3224 2075 3292; x_wconf 84' lang='lat' dir='ltr'><strong>tium,</strong></span> <span class='ocrx_word' id='word_1_412' title='bbox 2096 3225 2263 3294; x_wconf 82' lang='lat' dir='ltr'><strong>VIII,</strong></span> <span class='ocrx_word' id='word_1_413' title='bbox 2290 3246 2355 3298; x_wconf 77' lang='lat'><strong>93</strong></span> <span class='ocrx_word' id='word_1_414' title='bbox 2382 3224 2507 3280; x_wconf 85' lang='lat' dir='ltr'><strong>hinc</strong></span> <span class='ocrx_word' id='word_1_415' title='bbox 2520 3234 2773 3281; x_wconf 69' lang='lat' dir='ltr'><strong>extrem</strong></span> <span class='ocrx_word' id='word_1_416' title='bbox 2792 3230 2928 3282; x_wconf 70' lang='lat' dir='ltr'><strong>Gan·</strong></span> 
     </span>
     <span class='ocr_line' id='line_1_72' title="bbox 1905 3301 2232 3370; baseline 0 -15"><span class='ocrx_word' id='word_1_417' title='bbox 1905 3322 1999 3370; x_wconf 62' lang='lat' dir='ltr'><strong>ges</strong></span> <span class='ocrx_word' id='word_1_418' title='bbox 2026 3301 2232 3357; x_wconf 88' lang='lat' dir='ltr'><strong>dicitur.</strong></span> 
     </span>
    </p>

    <p class='ocr_par' dir='ltr' id='par_1_11' title="bbox 1906 3379 2926 3845">
     <span class='ocr_line' id='line_1_73' title="bbox 1978 3379 2926 3438; baseline 0.007 -7"><span class='ocrx_word' id='word_1_419' title='bbox 1978 3399 2057 3432; x_wconf 69' lang='grc' dir='ltr'><strong>υ.</strong></span> <span class='ocrx_word' id='word_1_420' title='bbox 2079 3380 2302 3432; x_wconf 76' lang='lat' dir='ltr'><strong>Penthea</strong></span> <span class='ocrx_word' id='word_1_421' title='bbox 2317 3385 2385 3433; x_wconf 73' lang='lat' dir='ltr'><strong>tu.</strong></span> <span class='ocrx_word' id='word_1_422' title='bbox 2412 3379 2478 3433; x_wconf 88' lang='lat' dir='ltr'><strong>In</strong></span> <span class='ocrx_word' id='word_1_423' title='bbox 2493 3379 2926 3438; x_wconf 81' lang='lat' dir='ltr'><strong>laudibusBaoebi</strong></span> 
     </span>
     <span class='ocr_line' id='line_1_74' title="bbox 1907 3458 2924 3532; baseline 0.006 -21"><span class='ocrx_word' id='word_1_424' title='bbox 1907 3458 2314 3511; x_wconf 85' lang='lat' dir='ltr'><strong>commemorari</strong></span> <span class='ocrx_word' id='word_1_425' title='bbox 2362 3458 2525 3512; x_wconf 85' lang='lat' dir='ltr'><strong>etiam</strong></span> <span class='ocrx_word' id='word_1_426' title='bbox 2560 3460 2697 3514; x_wconf 81' lang='lat' dir='ltr'><strong>solet</strong></span> <span class='ocrx_word' id='word_1_427' title='bbox 2733 3481 2884 3532; x_wconf 84' lang='lat' dir='ltr'><strong>poeua</strong></span> <span class='ocrx_word' id='word_1_428' title='bbox 2907 3502 2924 3527; x_wconf 89' lang='lat'><strong>,</strong></span> 
     </span>
     <span class='ocr_line' id='line_1_75' title="bbox 1908 3536 2922 3609; baseline 0.004 -22"><span class='ocrx_word' id='word_1_429' title='bbox 1908 3552 2011 3603; x_wconf 87' lang='lat' dir='ltr'><strong>qua</strong></span> <span class='ocrx_word' id='word_1_430' title='bbox 2026 3536 2270 3589; x_wconf 78' lang='lat' dir='ltr'><strong>affecerat</strong></span> <span class='ocrx_word' id='word_1_431' title='bbox 2282 3546 2640 3591; x_wconf 76' lang='lat' dir='ltr'><strong>contemtores</strong></span> <span class='ocrx_word' id='word_1_432' title='bbox 2655 3538 2922 3609; x_wconf 77' lang='lat' dir='ltr'><strong>orgiorum</strong></span> 
     </span>
     <span class='ocr_line' id='line_1_76' title="bbox 1906 3617 2924 3680; baseline 0.001 -12"><span class='ocrx_word' id='word_1_433' title='bbox 1906 3632 2140 3668; x_wconf 91' lang='lat' dir='ltr'><strong>suorum.</strong></span> <span class='ocrx_word' id='word_1_434' title='bbox 2156 3642 2225 3657; x_wconf 87' lang='lat'><strong>-·</strong></span> <span class='ocrx_word' id='word_1_435' title='bbox 2254 3617 2545 3669; x_wconf 69' lang='lat' dir='ltr'><strong>Venerando</strong></span> <span class='ocrx_word' id='word_1_436' title='bbox 2558 3657 2570 3675; x_wconf 88' lang='lat'><strong>.</strong></span> <span class='ocrx_word' id='word_1_437' title='bbox 2600 3628 2811 3680; x_wconf 85' lang='lat' dir='ltr'><strong>sancte;</strong></span> <span class='ocrx_word' id='word_1_438' title='bbox 2835 3635 2924 3670; x_wconf 75' lang='lat' dir='ltr'><strong>vox</strong></span> 
     </span>
     <span class='ocr_line' id='line_1_77' title="bbox 1906 3693 2923 3753; baseline 0.006 -7"><span class='ocrx_word' id='word_1_439' title='bbox 1906 3693 2153 3748; x_wconf 85' lang='lat' dir='ltr'><strong>solemnis</strong></span> <span class='ocrx_word' id='word_1_440' title='bbox 2171 3695 2226 3748; x_wconf 90' lang='lat' dir='ltr'><strong>in</strong></span> <span class='ocrx_word' id='word_1_441' title='bbox 2244 3695 2659 3750; x_wconf 79' lang='lat' dir='ltr'><strong>invocationibus</strong></span> <span class='ocrx_word' id='word_1_442' title='bbox 2672 3696 2923 3753; x_wconf 72' lang='lat' dir='ltr'><strong>Deorum.</strong></span> 
     </span>
     <span class='ocr_line' id='line_1_78' title="bbox 1906 3773 2923 3845; baseline 0 -19"><span class='ocrx_word' id='word_1_443' title='bbox 1906 3775 2272 3844; x_wconf 47' lang='lat' dir='ltr'><strong>-Lycurgnn</strong></span> <span class='ocrx_word' id='word_1_444' title='bbox 2307 3773 2561 3845; x_wconf 81' lang='lat' dir='ltr'><strong>Dryantis</strong></span> <span class='ocrx_word' id='word_1_445' title='bbox 2586 3773 2727 3829; x_wconf 82' lang='lat' dir='ltr'><strong>filius</strong></span> <span class='ocrx_word' id='word_1_446' title='bbox 2743 3814 2760 3841; x_wconf 91' lang='lat'><strong>,</strong></span> <span class='ocrx_word' id='word_1_447' title='bbox 2783 3774 2923 3828; x_wconf 84' lang='lat' dir='ltr'><strong>Edo—</strong></span> 
     </span>
    </p>
   </div>
   <div class='ocr_carea' id='block_1_9' title="bbox 1860 3849 2922 3924">
    <p class='ocr_par' dir='ltr' id='par_1_12' title="bbox 1860 3849 2922 3924">
     <span class='ocr_line' id='line_1_79' title="bbox 1860 3849 2922 3924; baseline 0.003 -22"><span class='ocrx_word' id='word_1_448' title='bbox 1860 3876 1868 3881; x_wconf 94' lang='lat'><strong>·</strong></span> <span class='ocrx_word' id='word_1_449' title='bbox 1904 3868 2039 3903; x_wconf 88' lang='lat' dir='ltr'><strong>num</strong></span> <span class='ocrx_word' id='word_1_450' title='bbox 2063 3850 2118 3902; x_wconf 91' lang='lat' dir='ltr'><strong>in</strong></span> <span class='ocrx_word' id='word_1_451' title='bbox 2135 3849 2360 3904; x_wconf 85' lang='lat' dir='ltr'><strong>Thracia</strong></span> <span class='ocrx_word' id='word_1_452' title='bbox 2375 3870 2495 3917; x_wconf 82' lang='lat' dir='ltr'><strong>rex,</strong></span> <span class='ocrx_word' id='word_1_453' title='bbox 2511 3853 2663 3920; x_wconf 76' lang='lat' dir='ltr'><strong>cujus</strong></span> <span class='ocrx_word' id='word_1_454' title='bbox 2687 3852 2922 3924; x_wconf 81' lang='lat' dir='ltr'><strong>impietas</strong></span> 
     </span>
    </p>
   </div>
   <div class='ocr_carea' id='block_1_10' title="bbox 1885 3927 2919 4393">
    <p class='ocr_par' dir='ltr' id='par_1_13' title="bbox 1885 3927 2919 4393">
     <span class='ocr_line' id='line_1_80' title="bbox 1906 3927 2919 3998; baseline 0.001 -16"><span class='ocrx_word' id='word_1_455' title='bbox 1906 3937 1960 3982; x_wconf 88' lang='lat' dir='ltr'><strong>et</strong></span> <span class='ocrx_word' id='word_1_456' title='bbox 1991 3927 2303 3998; x_wconf 87' lang='lat' dir='ltr'><strong>supplicium</strong></span> <span class='ocrx_word' id='word_1_457' title='bbox 2327 3928 2467 3981; x_wconf 78' lang='lat' dir='ltr'><strong>varie</strong></span> <span class='ocrx_word' id='word_1_458' title='bbox 2493 3940 2745 3983; x_wconf 78' lang='lat' dir='ltr'><strong>narratur</strong></span> <span class='ocrx_word' id='word_1_459' title='bbox 2778 3950 2792 3983; x_wconf 77' lang='lat' dir='ltr'><em>z</em></span> <span class='ocrx_word' id='word_1_460' title='bbox 2822 3929 2919 3983; x_wconf 73' lang='lat' dir='ltr'><strong>vid.</strong></span> 
     </span>
     <span class='ocr_line' id='line_1_81' title="bbox 1908 4005 2917 4076; baseline 0 -16"><span class='ocrx_word' id='word_1_461' title='bbox 1908 4006 2131 4060; x_wconf 87' lang='lat' dir='ltr'><strong>Homer.</strong></span> <span class='ocrx_word' id='word_1_462' title='bbox 2151 4005 2211 4060; x_wconf 86' lang='lat'><strong>11.</strong></span> <span class='ocrx_word' id='word_1_463' title='bbox 2228 4016 2263 4060; x_wconf 87' lang='lat' dir='ltr'>z</span> <span class='ocrx_word' id='word_1_464' title='bbox 2282 4045 2296 4073; x_wconf 94' lang='lat'><strong>,</strong></span> <span class='ocrx_word' id='word_1_465' title='bbox 2322 4006 2416 4060; x_wconf 79' lang='lat'><strong>130</strong></span> <span class='ocrx_word' id='word_1_466' title='bbox 2427 4024 2538 4076; x_wconf 87' lang='lat' dir='ltr'><strong>sqq.</strong></span> <span class='ocrx_word' id='word_1_467' title='bbox 2557 4027 2572 4069; x_wconf 76' lang='grc' dir='ltr'>ς</span> <span class='ocrx_word' id='word_1_468' title='bbox 2594 4006 2772 4062; x_wconf 87' lang='lat' dir='ltr'><strong>Schol.</strong></span> <span class='ocrx_word' id='word_1_469' title='bbox 2791 4008 2917 4062; x_wconf 82' lang='lat' dir='ltr'><strong>Hor.</strong></span> 
     </span>
     <span class='ocr_line' id='line_1_82' title="bbox 1885 4082 2918 4158; baseline 0.007 -24"><span class='ocrx_word' id='word_1_470' title='bbox 1885 4082 1971 4136; x_wconf 73' lang='lat' dir='ltr'><strong>ad</strong></span> <span class='ocrx_word' id='word_1_471' title='bbox 1999 4083 2052 4138; x_wconf 85' lang='lat' dir='ltr'><strong>II</strong></span> <span class='ocrx_word' id='word_1_472' title='bbox 2076 4123 2091 4151; x_wconf 91' lang='lat'><strong>,</strong></span> <span class='ocrx_word' id='word_1_473' title='bbox 2131 4083 2240 4138; x_wconf 89' lang='lat' dir='ltr'><strong>Od.</strong></span> <span class='ocrx_word' id='word_1_474' title='bbox 2259 4100 2388 4149; x_wconf 81' lang='lat' dir='ltr'><strong>xtx;</strong></span> <span class='ocrx_word' id='word_1_475' title='bbox 2431 4085 2630 4158; x_wconf 76' lang='lat' dir='ltr'><strong>Hygia.</strong></span> <span class='ocrx_word' id='word_1_476' title='bbox 2656 4087 2758 4141; x_wconf 77' lang='lat' dir='ltr'><strong>sab.</strong></span> <span class='ocrx_word' id='word_1_477' title='bbox 2796 4086 2918 4152; x_wconf 75' lang='lat'><strong>1323</strong></span> 
     </span>
     <span class='ocr_line' id='line_1_83' title="bbox 1902 4162 2916 4241; baseline 0.002 -25"><span class='ocrx_word' id='word_1_478' title='bbox 1902 4162 2062 4217; x_wconf 89' lang='lat' dir='ltr'><strong>Diod.</strong></span> <span class='ocrx_word' id='word_1_479' title='bbox 2111 4163 2213 4241; x_wconf 80' lang='lat' dir='ltr'><strong>Sic.</strong></span> <span class='ocrx_word' id='word_1_480' title='bbox 2252 4163 2369 4231; x_wconf 90' lang='lat'><strong>111,</strong></span> <span class='ocrx_word' id='word_1_481' title='bbox 2404 4165 2509 4233; x_wconf 70' lang='lat'><strong>64:</strong></span> <span class='ocrx_word' id='word_1_482' title='bbox 2548 4164 2812 4219; x_wconf 81' lang='lat' dir='ltr'><strong>Plutarch.</strong></span> <span class='ocrx_word' id='word_1_483' title='bbox 2855 4164 2916 4218; x_wconf 88' lang='lat' dir='ltr'><strong>de</strong></span> 
     </span>
     <span class='ocr_line' id='line_1_84' title="bbox 1902 4242 2915 4314; baseline 0.002 -19"><span class='ocrx_word' id='word_1_484' title='bbox 1902 4242 2021 4296; x_wconf 90' lang='lat' dir='ltr'><strong>aud.</strong></span> <span class='ocrx_word' id='word_1_485' title='bbox 2044 4254 2180 4311; x_wconf 89' lang='lat' dir='ltr'><strong>poet.</strong></span> <span class='ocrx_word' id='word_1_486' title='bbox 2210 4264 2259 4314; x_wconf 89' lang='lat' dir='ltr'><strong>p.</strong></span> <span class='ocrx_word' id='word_1_487' title='bbox 2285 4245 2352 4310; x_wconf 74' lang='lat'><strong>6,</strong></span> <span class='ocrx_word' id='word_1_488' title='bbox 2377 4243 2459 4299; x_wconf 90' lang='lat' dir='ltr'><strong>ed.</strong></span> <span class='ocrx_word' id='word_1_489' title='bbox 2487 4244 2678 4299; x_wconf 81' lang='lat' dir='ltr'><strong>Krebs.</strong></span> <span class='ocrx_word' id='word_1_490' title='bbox 2701 4267 2716 4309; x_wconf 71' lang='grc' dir='ltr'>ς</span> <span class='ocrx_word' id='word_1_491' title='bbox 2746 4244 2915 4314; x_wconf 82' lang='lat' dir='ltr'><strong>Apol·-</strong></span> 
     </span>
     <span class='ocr_line' id='line_1_85' title="bbox 1898 4321 2919 4393; baseline 0.003 -19"><span class='ocrx_word' id='word_1_492' title='bbox 1898 4321 2004 4375; x_wconf 88' lang='lat' dir='ltr'><strong>lod.</strong></span> <span class='ocrx_word' id='word_1_493' title='bbox 2024 4322 2125 4385; x_wconf 79' lang='lat'>111,</span> <span class='ocrx_word' id='word_1_494' title='bbox 2142 4338 2198 4391; x_wconf 77' lang='lat' dir='ltr'><strong>v,</strong></span> <span class='ocrx_word' id='word_1_495' title='bbox 2218 4344 2262 4377; x_wconf 89' lang='grc' dir='ltr'><strong>ι.</strong></span> <span class='ocrx_word' id='word_1_496' title='bbox 2277 4323 2436 4393; x_wconf 82' lang='lat' dir='ltr'><strong>Apud</strong></span> <span class='ocrx_word' id='word_1_497' title='bbox 2454 4324 2778 4391; x_wconf 87' lang='lat' dir='ltr'><strong>Homerum,</strong></span> <span class='ocrx_word' id='word_1_498' title='bbox 2790 4324 2919 4379; x_wconf 70' lang='lat' dir='ltr'><strong>Boe-</strong></span> 
     </span>
    </p>
   </div>
  </div>
 </body>
</html>
