3217 5134
827 540 1902 615 METAM'ORPHOSEON.
2341 541 2423 627 4¹

275 690 447 765 ciam
494 684 838 789 profectus
901 685 1225 761 Helenam
1277 686 1523 788 rapuit.
1581 686 1950 787 Raptorem
2007 684 2221 759 secuti
2275 700 2435 757 sunt

283 804 537 891 Grai,
573 821 933 905 postquam
966 802 1246 893 Aulide,
1279 816 1553 903 serpente
1585 802 1878 903 quodam
1901 802 1974 875 in
1995 800 2259 903 &pidem
2285 828 2434 873 mu-

279 936 461 1007 tato,
497 919 785 993 Dianam
810 916 1071 1019 placare
1107 917 1457 993 voluerant
1487 918 1822 1020 Iphigenia
1848 917 2102 1006 oblata,
2141 918 2250 991 cui
2279 943 2435 989 vero

279 1051 559 1111 mutatae
575 1036 721 1108 Dea
746 1033 1104 1108 substituit
1133 1062 1407 1109 cervam.
1444 1036 1723 1134 Troiani
1750 1064 1958 1137 quum
1982 1035 2157 1110 sama
2186 1033 2431 1109 adven-

288 1170 439 1230 tum
463 1150 849 1224 Graecorum
870 1152 1366 1247 cognovissent,
1390 1154 1625 1227 armati
1640 1181 1757 1228 eos
1778 1171 2182 1256 exspectant.
2203 1152 2437 1226 Primo

287 1265 520 1342 statim
559 1293 922 1360 congressu
970 1264 1214 1373 &taus
1237 1327 1257 1354 ,
1308 1267 1397 1342 ab
1432 1267 1698 1343 Achille
1751 1297 1956 1371 super
1999 1267 2292 1369 lapidem·
2320 1297 2444 1343 ne·-

287 1403 521 1474 catus,
559 1384 973 1459 convertitur
1030 1413 1070 1458 a
1122 1386 1446 1487 Neptuno
1508 1386 1580 1459 in
1626 1413 1798 1460 avem
1845 1385 1952 1459 sui
1996 1385 2311 1459 nominis.
2377 1385 2445 1458 Is

290 1518 519 1578 antem
537 1556 558 1589 ,
590 1500 707 1602 qui
727 1498 863 1574 telo
886 1498 1078 1574 nullo
1100 1500 1333 1575 violari
1353 1518 1670 1604 potuerat
1685 1559 1704 1590 ‚
1742 1503 1816 1575 in
1838 1501 2144 1575 convivio
2164 1502 2448 1577 heroum

290 1617 576 1692 Nestori
607 1617 681 1693 in
727 1618 1117 1693 memoriam
1158 1617 1514 1693 revocabat
1548 1636 1685 1694 tam
1723 1617 1958 1693 Caenea
1977 1676 1996 1706 ,
2056 1620 2451 1694 invulnera-

292 1733 508 1809 bilem
543 1751 613 1809 et
644 1733 900 1836 ipsum,
934 1753 1137 1835 atque
1160 1736 1456 1836 primum
1482 1763 1519 1809 e
1545 1734 1792 1810 semina
1818 1737 1888 1809 in
1911 1763 2137 1810 marem
2155 1795 2176 1821 ,
2212 1735 2452 1812 deinde

294 1852 376 1924 in
411 1848 680 1951 praelio,
721 1878 935 1953 quum·
953 1850 1270 1925 arborum
1309 1850 1485 1926 mole
1520 1852 1946 1942 obrueretur,
1981 1853 2054 1926 in
2084 1881 2252 1927 avem
2285 1881 2452 1927 con-

298 1995 566 2042 versum
586 2024 606 2057 ,
642 1996 841 2069 quam
889 1969 1167 2042 omnino
1224 1995 1523 2070 pugnam
1574 1965 2020 2041 Centaurorum
2055 1997 2207 2043 cum
2240 1968 2451 2069 Lapi-

303 2085 462 2171 this,
500 2113 790 2187 quorum
819 2113 974 2186 pars
1002 2084 1281 2158 Caeneus
1317 2083 1551 2159 fuerat.
1594 2085 1724 2157 His
1758 2085 2199 2186 appendicula
2232 2085 2460 2160 addita

304 2202 391 2278 de
441 2201 931 2311 Ρεήεζγιηεηο
912 2230 985 2275 ιιι
1039 2201 1310 2304 aquilam
1353 2201 1843 2276 transformato.
1883 2204 2249 2304 Neptunus
2296 2230 2453 2276 vero

301 2321 515 2422 Cycni
549 2337 835 2394 mortem
869 2317 1106 2393 dolens
1142 2317 1439 2393 exoravit
1471 2306 1908 2420 Apollinem,
1945 2337 2026 2393 ut
2056 2319 2318 2395 Paridis
2350 2348 2453 2393 sa-

308 2438 551 2535 gittam
587 2437 660 2510 in
692 2433 1014 2512 Achillem
1049 2434 1377 2523 flecteret,
1417 2463 1549 2537 qua
1584 2433 1695 2509 ille
1726 2434 1947 2537 periit.

408 2615 567 2687 Lm.
622 2613 813 2685 XIII.
876 2612 981 2685 De
1012 2609 1297 2686 Achillis
1328 2612 1528 2686 armis
1534 2612 1756 2744 ‚Ajax
1782 2629 1849 2686 et
1897 2611 2149 2718 Ulysses
2180 2630 2461 2687 conten-

310 2710 533 2804 dunt·
573 2757 649 2802 ac
684 2726 869 2801 illius
898 2726 1201 2828 quidem,
1251 2755 1374 2802 sua
1423 2725 1639 2829 ipsius
1673 2755 1878 2801 manu
1909 2722 2268 2813 interfecti,
2305 2758 2462 2804 san-

309 2846 466 2944 guis
496 2845 573 2918 in
601 2841 992 2951 hyvahthmn
1022 2843 1326 2917 vertitur.
1397 2843 1664 2945 Capta
1641 2871 1776 2942 jam
1808 2844 2053 2943 Troja,
2093 2843 2408 2919 Hecuba
2389 2874 2462 2918 ιιι

312 2961 640 3050 Thracia,
672 2960 796 3034 ubi
825 2959 1400 3061 Polymnestorem
1428 2959 1779 3035 excaecavit
1800 3016 1819 3048 ,
1847 2958 1927 3033 fit
1955 2960 2143 3033 camis.
2173 2961 2381 3059 Ejus
2361 2990 2467 3034 m·-

316 3076 697 3154 fortunium
721 3104 930 3178 quum
955 3076 1072 3148 Dii
1097 3104 1329 3151 omnes
1350 3074 2105 3176 deplorarent,.Aurora
2127 3074 2257 3151 alio
2277 3076 2467 3153 luctu

321 3195 713 3283 tenebatur,
747 3192 1100 3266 Memnonis
1134 3190 1389 3267 scilicet
1420 3191 1573 3282 filii,
1610 3194 1800 3293 cuju‘s
1833 3222 1870 3268 e
1897 3192 2233 3269 cineribus
2259 3195 2469 3269 Mem-

323 3311 576 3386 nam'des
590 3338 743 3385 aves
763 3309 1179 3411 prodierunt.
1209 3308 1479 3385 AEaeas
1493 3338 1699 3412 porro
1731 3297 2062 3411 profugus
2079 3311 2163 3385 ad
2186 3311 2466 3398 Anium,

326 3428 705 3530 cujusfilioe
730 3426 800 3502 in
837 3427 1146 3501 columbas
1171 3445 1360 3502 erant
1397 3456 1761 3517 conversae,
1798 3446 1959 3529 post
1997 3427 2124 3502 alia
2162 3427 2471 3528 deinceps

324 3545 476 3623 loca
500 3543 1203 3623 transibi-mationibus
1231 3541 1437 3631 clara,
1472 3546 1542 3617 in
1566 3542 1863 3619 Siciliam
1892 3543 2149 3618 delatus
2171 3562 2273 3618 est
2293 3601 2311 3632 ‚
2347 3544 2472 3619 ubi

327 3663 573 3771 Scylla,
616 3663 726 3737 cui
780 3663 1052 3737 Galatea
1099 3677 1326 3735 narrat
1378 3659 1759 3767 Polyphemi
1809 3688 2063 3734 amores
2115 3659 2478 3762 Acidhque

331 3781 631 3867 obitum;
661 3809 797 3881 quo
827 3779 1006 3854 facto
1027 3835 1046 3867 ,
1091 3778 1401 3863 Glaucus,
1438 3777 1507 3850 in
1552 3778 1767 3853 Deum
1801 3778 2100 3852 marinum
2129 3796 2427 3853 mutatus
2451 3832 2472 3864 ‚

330 3914 629 3998 apparet.

435 4064 590 4136 LIB.
640 4062 828 4135 XIV.
884 4059 1158 4169 Scyllam
1213 4060 1402 4136 Circe
1445 4078 1663 4167 mutat
1708 4062 1779 4135 in
1824 4076 2174 4135 monstrum.
2235 4060 2480 4136 AEneas

336 4196 561 4253 autem
595 4179 666 4251 in
708 4178 1002 4253 Africam
1045 4177 1258 4267 venit,
1293 4177 1415 4253 ubi
1449 4206 1601 4253 eum
1636 4177 1821 4254 Dido
1856 4177 2125 4280 excipit.
2182 4176 2481 4254 Tandem

336 4313 449 4385 ut,
484 4294 880 4371 Pithecusas
927 4311 1439 4399 praetervectus,
1475 4294 1599 4369 ubi
1642 4293 1937 4397 Cer-copes
1979 4325 2060 4371 ex
2092 4295 2484 4371 hominibus

3215 1280 3216 1287 ι
3177 150 3217 1163 „ww”
3179 0 3216 97 *ἵ
