3217 5134
791 535 914 583 110

1329 516 1409 583 P.
1476 515 1849 587 0v1D11
1899 514 2367 587 NASONIS

775 654 1131 729 Morsibus
1159 653 1482 757 eripitur,
1517 657 1988 759 tangentiaque
2018 686 2140 734 ora
2167 656 2535 791 relinquit:

775 772 888 847 Sic
920 772 1142 862 Deus»,
1180 788 1248 847 et
1279 772 1467 870 virgo
1504 791 1639 862 est;
1669 774 1781 847 hic
1808 803 1930 876 spe
1958 773 2169 863 celer,
2201 773 2314 850 illa
2345 775 2606 852 timore.

776 887 918 986 Qui
956 904 1174 962 tamen
1207 888 1621 1021 insequitur,
1653 891 1895 991 pennis
1928 890 2196 1008 adjutus
2228 891 2499 976 Amoris

2815 911 2914 983 ⁵4·

779 1003 990 1078 Ocior
1025 1022 1168 1093 est,
1204 1005 1634 1107 requiemque
1670 1025 1916 1102 negat:
1953 1025 2274 1109 tergoque
2307 1007 2530 1103 fugaci

774 1121 1116 1209 Imminet3
1155 1138 1224 1195 et
1255 1121 1504 1196 crinem
1537 1149 1840 1222 sparsum
1876 1123 2246 1202 cervicibus
2282 1125 2499 1204 adflat.

773 1236 1052 1311 Viribus
1082 1236 1411 1312 absumtis
1436 1236 1770 1340 expalluit
1804 1238 1918 1314 illa
1954 1267 1971 1314 t
2008 1241 2319 1343 citaeque,

773 1352 969 1429 Victa
1002 1351 1235 1428 labore
1265 1352 1471 1450 sugae,
1505 1373 1813 1456 spectans
1847 1356 2174 1432 Peneidas
2205 1356 2456 1448 undas,

780 1501 816 1534 «ι
850 1472 1010 1559 Fer,
1030 1488 1252 1572 pater,
1276 1470 1528 1572 inquit,
1551 1501 1784 1573 opem3
1821 1472 1879 1547 si
1912 1472 2183 1550 flumina
2204 1501 2453 1550 numen
2470 1472 2757 1548 habetis.
2814 1496 2913 1564 545

783 1627 821 1658 ³»
860 1593 1015 1690 Qua
1050 1592 1332 1668 nimium
1358 1593 1620 1696 placui,
1653 1594 1919 1685 Tellus,
1953 1614 2068 1671 aut
2101 1594 2281 1672 hisce
2300 1652 2323 1683 ,
2359 1594 2461 1670 vel
2496 1596 2722 1690 istam,

781 1749 819 1783 ³·
852 1716 1025 1815 Quae
1056 1715 1246 1808 facit,
1283 1733 1363 1791 ut
1394 1716 1629 1807 laedar,
1667 1718 1986 1793 mutando
2019 1718 2225 1820 perde
2257 1717 2556 1815 figuram.
2599 1751 2634 1784 »
2676 1719 2683 1725 ’

838 1938 949 1992 538.
965 1937 1270 2005 Deprensus.
1287 1933 1460 1990 Codd.
1481 1936 1654 1992 nostri
1670 1956 1797 1992 com-

767 2034 999 2085 prensus.
1084 2026 1091 2033 '

843 2099 957 2164 540.
986 2097 1096 2164 Qui
1111 2103 1279 2149 tamen
1294 2100 1581 2166 insequllur.
1614 2096 1799 2166 Quem

778 2194 930 2229 amor
945 2174 1174 2229 celerem
1199 2172 1406 2241 reddit,
1433 2193 1560 2227 eum
1586 2173 1798 2245 Cupido

774 2253 937 2310 veluti
972 2252 1186 2323 adjuvat
1226 2251 1319 2306 alis
1348 2252 1470 2306 mis.

843 2334 956 2400 541.
988 2332 1147 2385 Ocior
1163 2337 1256 2385 esi.
1282 2330 1591 2402 Elegantior
1613 2331 1800 2385 Burm.

776 2410 988 2465 videtur
996 2410 1114 2464 lect.
1124 2409 1318 2464 Medic.
1335 2413 1492 2464 Ocior
1500 2415 1557 2463 ft.
1566 2437 1635 2451 ·-
1645 2413 1802 2479 Terga

771 2495 1029 2543 imminete
1046 2488 1205 2543 etiarn
1228 2486 1364 2558 apud
1391 2486 1681 2554 historicos,
1705 2486 1798 2542 aed

772 2568 827 2623 h.
842 2568 876 2621 l.
889 2581 1012 2621 cum
1027 2567 1076 2619 vi
1091 2566 1156 2620 de
1175 2585 1240 2619 eo
1256 2606 1270 2628 ,
1289 2564 1379 2635 qui
1392 2584 1565 2635 prono
1577 2584 1798 2636 corpore

773 2646 847 2700 ita
872 2646 1032 2700 instat
1052 2686 1068 2711 ,
1096 2654 1157 2698 ut
1181 2643 1429 2714 fugientis
1452 2654 1663 2713 tergum
1691 2645 1799 2698 ha-

774 2724 876 2779 litu
916 2742 1013 2778 suo
1049 2721 1229 2776 adflet.
1260 2720 1519 2790 Similiter
1556 2720 1606 2771 V
1627 2761 1641 2789 ,
1682 2722 1799 2775 διδ.

778 2800 1048 2871 Expressit¹
1086 2797 1364 2852 Claudian-
1411 2813 1624 2864 xmu,
1664 2815 1800 2871 279:

774 2881 929 2933 Malu
967 2883 1200 2948 pmpe‘ore
1255 2883 1544 2946 sequentum
1586 2894 1801 2944 premor.

775 2960 966 3014 Heius.
990 2979 1054 3012 ex
1084 2959 1365 3028 Langen-m
1388 2977 1417 3010 a
1444 2974 1514 3009 m.
1540 2976 1620 3027 pr.
1654 2956 1801 3010 dedit

755 3038 954 3108 sugacz
971 3053 1069 3108 pro
1089 3038 1317 3106 fugaces.
1342 3035 1508 3088 Bene.

845 3121 955 3185 544.
980 3120 1250 3171 Peneidas.
1288 3114 1460 3169 Codd.
1491 3114 1657 3170 nostri
1688 3115 1801 3169 ha-

775 3195 906 3250 bent
934 3197 1197 3248 Peneidas.

843 3276 980 3340 545.
989 3274 1206 3325 Numen.
1237 3272 1366 3324 Vim
1401 3282 1456 3325 et
1483 3282 1797 3342 potestatem

779 3353 1015 3408 divinam
1037 3370 1051 3405 ε
1073 3369 1248 3420 neque
1272 3356 1487 3403 st'nunc
1511 3347 1798 3405 dubitantis

775 3443 857 3488 est
873 3471 889 3498 ,
913 3429 1005 3485 sed
1029 3447 1163 3498 sepe
1188 3428 1407 3498 ponitur
1435 3445 1537 3497 pro
1556 3466 1571 3493 ,
1611 3447 1761 3496 quum
1779 3447 1796 3480 .·

774 3510 897 3565 vide
920 3505 1186 3563 Brouekh.
1207 3504 1273 3558 ad
1301 3506 1543 3575 Propert.
1570 3505 1687 3573 111,
1714 3506 1796 3559 El.

774 3607 972 3657 πασῃ,-
1004 3609 1082 3662 ¹9·
1117 3587 1262 3642 Infra
1292 3587 1465 3655 XIII,
1505 3589 1600 3658 49,
1640 3592 1696 3640 se·
1721 3588 1806 3639 Di

772 3677 896 3723 suu!
908 3710 922 3732 ‚
949 3677 1006 3721 et
1025 3685 1181 3736 supra
1202 3666 1316 3736 377.

841 3746 1092 3813 546-547.
1111 3747 1227 3810 Qua
1244 3745 1655 3809 m’nu'umplaecm‘.
1668 3741 1795 3795 Duo

778 3821 951 3877 codd.
983 3821 1078 3874 hos
1107 3821 1243 3873 duos
1266 3837 1446 3873 versus
1477 3829 1796 3888 preponunt

770 3899 1046 3971 superiori.
1077 3897 1414 3952 veterrimus
1445 3896 1608 3949 Palat.
1638 3897 1795 3965 prio-

774 3999 891 4034 rem
927 3996 1038 4031 non
1077 3974 1339 4046 agnou-in
1377 3993 1516 4027 unus
1554 3973 1793 4029 Gronov.

772 4066 1028 4109 neutrum
1041 4053 1212 4106 habet.
1232 4052 1456 4106 Heinsio
1468 4061 1558 4105 aut
1574 4051 1791 4106 tollendi

776 4132 932 4185 ambo
963 4129 1311 4197 videbantur,
1348 4140 1440 4184 aut
1474 4130 1660 4184 ordine
1693 4130 1792 4183 in-.

771 4225 925 4265 verso
946 4208 1186 4278 legendi:
1209 4209 1479 4277 Quaefisctlc
1490 4250 1504 4272 ,
1531 4215 1591 4262 u!
1602 4205 1782 4271 icitur,

782 4289 954 4344 Tellus
967 4325 983 4350 ‚
1014 4293 1107 4338 aut
1133 4288 1302 4348 hisce,
1334 4290 1423 4340 uel
1450 4292 1606 4341 isim
1620 4327 1634 4350 ,
1678 4289 1794 4353 Qua

1893 1942 2101 1992 nimium
2116 1941 2321 2006 placui,
2354 1941 2595 1991 mutando
2613 1947 2711 1992 ete.
2728 1935 2915 1991 Burm.

1893 2015 2080 2071 suadet
2097 2056 2112 2084 ‚
2138 2009 2222 2070 vel
2249 2018 2338 2069 Aa
2362 2021 2568 2070 nmium
2589 2014 2798 2084 placed!
2834 2015 2915 2068 vel

1900 2093 2005 2148 Cur
2038 2100 2245 2148 niarium
2271 2116 2328 2162 p.
2376 2092 2625 2164 Denique
2663 2100 2724 2146 u!
2762 2095 2919 2146 ledat

1895 2176 2093 2229 mutari
2133 2175 2246 2228 vult
2282 2174 2337 2227 in
2367 2183 2427 2228 u!
2459 2177 2666 2236 lauder,
2712 2173 2833 2243 quia
2862 2182 2915 2225 et

1890 2250 2011 2305 alibi
2046 2255 2263 2306 laudata
2273 2251 2452 2320 forma
2476 2272 2492 2303 .·
2527 2261 2580 2305 et
2604 2251 2662 2304 in
2691 2259 2915 2320 quatuor

1893 2329 2059 2384 MSS.
2084 2349 2112 2384 e
2140 2330 2304 2401 glossa
2329 2349 2438 2384 esse
2460 2334 2781 2398 utplaceam.
2807 2326 2913 2381 Sed

1890 2408 1963 2462 ita
1991 2408 2067 2462 bis
2092 2407 2236 2463 idem
2261 2407 2502 2476 dixisset,
2529 2427 2630 2462 nec
2651 2407 2913 2461 exhausis-

1890 2496 1971 2540 set
2006 2487 2114 2539 vim
2145 2485 2451 2540 calamitatis
2478 2504 2602 2540 suae.
2637 2511 2704 2525 —
2736 2484 2915 2540 Nostri

1895 2564 2068 2620 Codd.
2085 2564 2178 2618 bas
2190 2565 2467 2619 varietates
2483 2583 2594 2618 non
2610 2572 2913 2634 agnoscunt.

1890 2672 1959 2685 —
1984 2642 2425 2699 Seidenstuecker
2467 2645 2583 2710 Qua
2609 2642 2828 2714 explicat
2859 2649 2915 2696 in

1891 2742 2017 2792 qna,
2046 2739 2197 2789 super
2212 2741 2312 2792 qua
2326 2764 2338 2780 ,
2385 2732 2541 2791 atque
2566 2721 2677 2776 haec
2701 2741 2803 2790 qua
2823 2725 2914 2775 121⁸-

1893 2806 2046 2854 mlum
2059 2805 2248 2870 placui
2262 2799 2438 2854 addita
2457 2810 2639 2870 putat,
2675 2800 2798 2869 quia
2823 2801 2917 2853 Pe-

1892 2882 2012 2934 neia
2061 2882 2171 2953 jam
2212 2880 2453 2933 devorari
2505 2899 2535 2933 a
2580 2891 2720 2934 terra
2759 2880 2914 2950 cupit.

1894 2957 2070 3012 Etiam
2096 2956 2235 3013 Rod.
2260 2972 2273 3007 t
2298 2977 2365 3012 avo
2389 2960 2476 3011 ich
2497 2961 2744 3011 allzum'el
2759 2962 2915 3029 gefiel.

1893 3035 2092 3091 Melius
2126 3046 2307 3090 tamen
2336 3076 2351 3103 ,
2398 3036 2441 3096 si
2482 3034 2597 3088 fieri
2632 3034 2918 3089 commode

1893 3126 2100 3184 posset,
2138 3134 2238 3183 qua
2270 3114 2561 3167 referretur
2583 3112 2646 3165 ad
2657 3116 2912 3183 figurem,

1892 3203 1952 3247 ut
1976 3194 2062 3261 11,
2092 3195 2187 3263 474
2211 3212 2225 3246 :
2258 3195 2498 3248 Adimam
2522 3196 2624 3244 {131⁶
2645 3213 2822 3262 nempe
2827 3195 2914 3267 fi—

1886 3287 2064 3341 garam
2076 3312 2089 3332 ‚
2118 3272 2233 3337 Qua
2251 3275 2372 3332 libi,
2394 3290 2588 3339 quaque
2600 3274 2781 3337 places
2796 3291 2918 3325 nos-

1889 3356 1967 3402 tro
1982 3390 1994 3410 ,
2026 3354 2337 3417 importuna,
2362 3354 2557 3404 marito.
2584 3348 2654 3401 Et
2671 3349 2914 3402 Perizon.

1891 3427 1957 3482 ad
1978 3427 2154 3482 Sanct.
2169 3426 2327 3495 Min„
2342 3448 2390 3498 p.
2409 3429 2505 3495 543
2519 3445 2651 3498 sqq,
2668 3426 2918 3499 exemplis

1890 3505 2095 3560 idoneis
2111 3504 2318 3576 docuit,
2335 3504 2407 3559 ita
2420 3504 2690 3560 interdum
2708 3507 2918 3560 abrum-

1891 3587 1944 3656 pi
1967 3586 2418 3641 constructionem
2434 3625 2449 3653 ,
2480 3596 2542 3640 ut
2565 3585 2915 3652 divellantur,

1889 3663 2124 3793 pluribus
2140 3663 2309 3717 verbis
2323 3663 2641 3734 interpositis
2659 3703 2674 3730 ,
2699 3682 2819 3732 quae
2836 3683 2918 3718 co·

1928 3752 2141 3796 aereant.
2167 3740 2230 3794 Id
2253 3741 2393 3811 quod
2416 3743 2470 3795 in
2492 3741 2552 3795 iis
2572 3742 2799 3797 maxime
2819 3761 2917 3796 vo-

1888 3819 2032 3874 cibus
2059 3820 2234 3873 locum
2256 3815 2415 3872 habet
2435 3860 2450 3884 ,
2478 3821 2641 3873 virtus
2668 3819 2802 3873 adeo
2826 3820 2918 3873 vi-

1890 3897 2002 3951 deri
2032 3900 2227 3968 possit,
2269 3915 2419 3968 quae,
2462 3910 2520 3953 ut
2546 3897 2659 3952 haec
2693 3898 2749 3952 in
2773 3919 2918 3954 sum-

1890 3995 1976 4029 ma
2000 3978 2192 4031 mentis
2214 3977 2610 4047 perturbatione
2635 3978 2916 4048 proferun-

1889 4066 1994 4109 tur.
2063 4054 2171 4110 Sed
2219 4055 2469 4124 quoniam
2519 4054 2696 4125 plures
2750 4054 2915 4109 MSS.

1887 4131 1973 4186 hic
2002 4133 2150 4203 plura
2182 4133 2436 4187 omittunt
2460 4172 2476 4198 ,
2519 4133 2773 4202 quoniam
2809 4133 2916 4185 mi·-

1887 4221 2102 4263 rume'st
2120 4250 2136 4276 ,
2169 4208 2461 4282 nympham
2486 4219 2602 4279 post
2625 4219 2833 4279 patrem
2855 4208 2913 4262 il·

1886 4286 1987 4342 lico
2010 4299 2064 4342 et
2101 4287 2372 4343 Tellurem
2410 4289 2654 4344 invocare
2675 4328 2692 4358 ,
2735 4307 2913 4358 neque
