3217 5134
658 555 1255 627 METAMORP
1276 557 1339 626 H
1361 556 1700 627 OSEON
1755 561 1951 628 LIB.
2013 561 2071 627 1.

2353 561 2436 627 55

289 702 508 776 Natus
541 700 749 775 homo
784 717 918 788 est;
956 700 1092 774 sive
1126 698 1307 774 hunc
1344 699 1570 773 divino
1605 700 1852 775 semine
1885 701 2044 777 fecit

291 818 414 893 Ille
451 816 676 918 opifex
707 845 928 891 rerum
953 873 973 905 ,
1009 815 1244 890 mundi
1276 814 1571 892 melioris
1602 816 1839 914 origo:

297 934 448 1008 Sive
480 959 710 1007 recens
745 930 980 1021 telluS‚
1019 932 1422 1035 seductaque
1450 962 1668 1036 nuper
1699 933 1783 1008 ab
1820 932 1957 1009 alto

2374 960 2444 1011 80

298 1049 612 1136 AEthcre‚
651 1047 919 1144 cognati
949 1049 1280 1126 retinebat
1312 1050 1561 1126 semina
1597 1049 1757 1125 caeli.

298 1165 524 1263 Quam
560 1181 744 1238 satus
778 1166 1041 1266 Iapeto,
1077 1165 1349 1240 mixtam
1381 1166 1760 1243 fluvialibus
1794 1169 1994 1244 undis
2015 1227 2035 1260 ‚

295 1280 523 1357 Finxit
557 1281 628 1355 in
659 1280 946 1378 effigiem
964 1282 1442 1365 ‚moderantum
1474 1302 1717 1363 cuncta
1743 1285 2043 1361 Deorum
2078 1314 2096 1373 ;

298 1397 655 1500 Pronaque
690 1427 899 1500 quum
933 1416 1237 1500 spectent
1268 1399 1572 1474 animalia
1608 1418 1824 1475 cetera
1859 1417 2099 1475 terram
2124 1457 2145 1491 ‚

293 1619 391 1666 tus.
424 1611 588 1683 Apud
622 1611 867 1666 Juvenal.
891 1613 1032 1680 XV,
1066 1632 1320 1667 vocamur

293 1693 570 1744 dt'nbonm
584 1708 831 1758 capaces3
857 1691 946 1761 qui
963 1691 1059 1746 loc.
1075 1710 1198 1746 cum
1216 1692 1319 1746 hoc

292 1782 479 1826 nostro
518 1771 877 1827 conferendus
921 1783 1015 1826 eat.
1061 1799 1131 1814 -
1163 1773 1318 1826 Alte.

295 1851 484 1906 Heim.
508 1861 711 1905 temere
736 1851 917 1905 mallet
937 1855 1097 1905 alme.

356 1930 436 2000 78.
453 1931 628 1982 Natus
640 1932 787 1983 homo
797 1936 890 1983 est.
903 1929 1072 1983 Valde
1091 1928 1318 1985 fluctua-

293 2017 420 2061 runt
435 2006 733 2078 philosophi
753 2018 959 2061 veteres
979 2008 1035 2061 in
1060 2007 1318 2062 definien-

295 2087 359 2142 da
380 2098 437 2142 et
461 2088 666 2159 origine
683 2099 736 2143 et
748 2100 938 2143 natura
954 2089 1143 2142 animae
1164 2109 1177 2141 τ
1198 2088 1317 2143 vide

299 2164 707 2222 Ciceronlrusc.
726 2167 770 2233 1,
782 2187 832 2241 9,
855 2186 932 2220 ιο.
947 2167 1142 2221 Noster
1152 2166 1320 2236 aequi-

297 2254 382 2297 tur
412 2262 507 2298 eoa
525 2284 542 2312 ,
585 2246 676 2314 qui
708 2245 911 2299 celeste
942 2244 1232 2314 quidquam
1265 2254 1321 2299 et

292 2321 537 2376 divinum
557 2323 612 2376 in
635 2323 822 2377 animis
844 2324 1010 2377 inesse
1030 2323 1316 2392 putabant:

298 2398 409 2455 Cic.
436 2401 558 2456 Fin.
590 2402 648 2455 Π
666 2441 682 2467 ,
713 2402 794 2469 34.
830 2401 995 2456 Unde
1018 2420 1147 2454 vero
1177 2399 1316 2453 divi-

295 2498 427 2534 unm
455 2480 583 2533 illud
606 2481 861 2534 traxerint
877 2521 893 2548 ,
918 2480 1140 2535 dubium
1165 2480 1318 2535 relin-

296 2562 422 2631 quit.
453 2561 647 2614 Divino
668 2566 857 2631 septime
870 2602 883 2622 .
911 2560 1057 2614 deest
1077 2580 1159 2613 et.

355 2656 435 2709 79.
468 2640 642 2706 θηξςυ.
671 2637 834 2692 Palat.
861 2648 916 2693 et
940 2638 1021 2691 alii
1041 2677 1056 2704 ,
1097 2642 1320 2692 melhn‘s

294 2723 485 2786 iugo,
515 2738 624 2787 quo
645 2718 784 2772 Dan.
808 2718 994 2772 Heins.
1019 2717 1204 2789 respici
1227 2736 1320 2788 pu·

296 2806 370 2851 tat
388 2796 457 2851 ad
482 2797 660 2852 ideam
677 2837 692 2867 ,
714 2818 829 2869 que
845 2799 901 2852 in
921 2798 1041 2852 Deo
1063 2798 1243 2861 suerit,
1265 2808 1321 2852 et

294 2875 357 2928 ad
382 2894 549 2946 quam
568 2875 805 2931 mundus
827 2877 911 2931 ille
937 2876 1127 2931 melior
1143 2876 1318 2946 dispo·

294 2953 423 3008 siuns
445 2955 530 3008 ait.
553 2953 662 3008 Sed
688 2954 831 3008 unde
859 2955 973 3010 talis
994 2954 1320 3025 philosophia

292 3031 345 3085 in
359 3031 463 3086 hoc
478 3032 715 3087 carmine
733 3032 759 3086 ?
774 3033 924 3103 Soepe
938 3039 1078 3102 origo
1086 3043 1141 3087 et
1151 3038 1321 3101 Imago

295 3122 597 3182 permutata
609 3123 753 3180 sunt,
772 3123 833 3166 ut
847 3114 891 3180 1,
907 3113 1045 3167 Fast.
1055 3113 1321 3167 ΒΕΖ-Οτι·-

293 3208 383 3256 8⁰·
407 3202 616 3258 auctor,
630 3201 836 3245 creator
854 3213 866 3256 ;
885 3190 990 3244 vid.
1008 3191 1041 3244 l.
1054 3189 1125 3258 V,
1141 3210 1189 3244 v.
1206 3190 1318 3245 262.

299 3264 465 3321 Tacit.
478 3267 626 3320 Mor.
639 3266 707 3321 G.
723 3268 778 3321 11
794 3287 807 3321 :
824 3270 1092 3322 Celebrant
1115 3269 1321 3321 Τιιιῖςεο·

295 3362 405 3396 nen
418 3351 474 3397 et
487 3345 737 3397 Mannum
756 3350 995 3414 originem
1013 3349 1179 3413 gennit
1197 3363 1320 3397 con-

295 3424 593 3491 ditoresque.
616 3421 794 3476 Etiam
816 3433 997 3477 nostra
1022 3422 1200 3494 lingua
1217 3422 1321 3476 hoc

294 3500 395 3553 sert
413 3538 430 3565 ,
448 3503 551 3553 den
569 3501 837 3570 [se-sprung.
849 3529 916 3542 —
928 3503 1159 3555 Melioris
1171 3541 1186 3565 ‚
1211 3500 1321 3555 dia-

297 3579 449 3647 podii
461 3590 520 3632 et
533 3580 785 3633 exornati.
802 3580 1055 3634 Refertur
1069 3579 1134 3634 ad
1148 3583 1320 3634 mdenn

293 3659 692 3726 &digestaque
710 3661 901 3710 molem.

360 3737 443 3789 81.
473 3738 723 3805 Cognati,
745 3755 856 3790 non
884 3746 1066 3805 terrae,
1092 3735 1184 3791 sed
1207 3735 1323 3790 ani-

296 3831 415 3868 me.
430 3814 580 3868 Male
598 3814 759 3885 igitur
770 3815 994 3869 Lenzius
1011 3814 1181 3869 addit:
1199 3833 1322 3883 qua·

298 3902 455 3946 tenus
479 3892 666 3947 celum
688 3903 742 3948 et
765 3904 905 3948 terra
922 3893 1049 3947 olim
1071 3894 1322 3962 conjunc-

298 3979 352 4022 ta
374 3969 610 4025 suerunt.
636 3969 1029 4042 cognationem
1055 3982 1112 4025 et
1134 3970 1322 4025 domi-

296 4047 476 4102 cilium
496 4049 779 4119 priatinum
804 4050 995 4105 anime
1014 4059 1208 4105 noeti-n
1227 4068 1322 4105 cn·

292 4123 411 4181 lum
443 4138 599 4182 vooet
630 4128 789 4181 etiam
824 4126 939 4182 Cic.
980 4127 1140 4199 Legg.
1174 4128 1232 4195 Ι,
1272 4148 1321 4202 9.

297 4203 410 4259 sed
455 4206 706 4260 omnium
741 4207 940 4278 optime
986 4206 1322 4277 Hipparchus

298 4284 697 4354 approbaverat,
714 4285 945 4339 animam
960 4294 1199 4338 nostram
1211 4304 1321 4340 esse

300 4372 508 4432 partem
520 4361 647 4419 celi.
665 4363 802 4419 Plin.
824 4364 897 4418 H.
911 4365 979 4421 N.
997 4364 1083 4434 11,
1104 4363 1195 4434 263
1216 4363 1322 4418 Lu-

1412 1622 1539 1668 cret.
1566 1613 1623 1668 11
1646 1653 1661 1680 ,
1692 1631 1824 1686 990:
1851 1614 2247 1670 Celeslisumns
2265 1635 2439 1672 omnes

1412 1698 1601 1746 semine
1623 1696 1837 1746 ortandi.

1480 1775 1561 1827 82.
1607 1774 1771 1839 Quam
1793 1779 1941 1827 salus
1972 1775 2165 1844 Iapeto.
2199 1776 2437 1831 Prome-

1415 1849 1568 1904 theus
1588 1890 1603 1918 ‚
1633 1850 1800 1920 Iapeti
1823 1849 1960 1905 filius
1975 1891 1991 1918 ,
2015 1851 2305 1908 habebatur
2345 1875 2439 1924 ge-

1415 1929 1559 1983 neris
1606 1928 1828 1982 humani
1873 1928 2057 1983 auctor
2098 1930 2240 1984 haud
2278 1931 2437 1987 dubie

1416 2019 1696 2080 propterea
1715 2050 1730 2077 ,
1771 2008 1915 2079 quod
1945 2029 2120 2065 mores
2155 2012 2437 2066 hominum

1417 2086 1702 2157 agrestium
1731 2086 2038 2141 molliverat.
2066 2089 2170 2142 Alii
2189 2090 2340 2144 aliter
2358 2110 2439 2144 su·

1418 2184 1514 2241 per
1538 2184 1603 2219 eo
1635 2163 2073 2234 philosophantur
2096 2206 2111 2234 ,
2151 2165 2217 2220 de
2251 2168 2439 2237 quibus

1418 2243 1718 2315 exponendi
1741 2264 1888 2300 nunc
1907 2265 2020 2299 non
2039 2256 2118 2302 eat
2141 2246 2298 2301 locus.
2325 2248 2439 2302 Im-

1415 2326 1643 2395 portune
1662 2334 1839 2377 autem
1853 2363 1868 2390 ,
1885 2343 2007 2377 mco
2022 2323 2238 2394 quidem
2248 2344 2403 2379 sensu
2419 2367 2435 2394 ,

1412 2404 1586 2471 opaefice'
1620 2419 1780 2454 rerum
1818 2412 2040 2470 repente
2085 2402 2437 2459 Prometheus

1413 2481 1580 2534 oociua
1619 2479 1846 2535 additur.
1888 2509 1959 2522 —
1990 2483 2212 2535 Mla-lam
2245 2486 2425 2547 κακῶν,

1414 2579 1541 2629 ergo
1556 2579 1620 2613 ex
1636 2560 1748 2614 luto
1765 2561 1961 2614 creavit
1976 2560 2249 2615 hominem
2269 2583 2283 2625 ς
2299 2561 2435 2616 Hor.

1416 2638 1472 2705 Ι,
1496 2637 1604 2692 Od.
1622 2654 1718 2691 ΧΠ
1735 2677 1751 2705 ,
1780 2639 1867 2702 13;
1886 2638 2147 2706 Juvenal,
2171 2639 2334 2702 XIV,
2353 2640 2435 2694 35.

1418 2717 1561 2770 Hinc
1576 2716 1741 2769 homo
1753 2728 1969 2771 vocatur
1984 2721 2119 2779 nm
2139 2721 2327 2793 ὁΠρομη
2336 2728 2436 2781 θῖος

1414 2815 1443 2848 a
1472 2794 1681 2850 Gallim.
1711 2795 1896 2866 fragm.
1926 2796 2100 2849 Bentl.
2141 2797 2220 2865 87.
2270 2794 2428 2865 Apud

1416 2873 1636 2928 Hesiod.
1659 2868 1767 2950 ἑργ.
1798 2873 1896 2941 fio,
1922 2873 2012 2927 ubi
2042 2874 2176 2926 mira
2206 2872 2435 2928 hominia

1414 2949 1726 3018 compositio
1751 2960 1997 3003 narratur
2013 2989 2029 3017 ,
2059 2949 2328 3004 Vulcanus
2352 2951 2436 3021 ju-

1414 3025 1571 3079 betur
1591 3039 1729 3095 γαῖαν
1752 3034 1852 3082 ὕδει
1875 3032 2034 3100 ᾳὲρειν.
2064 3026 2236 3082 Aliter
2256 3047 2435 3083 rursus

1414 3103 1501 3159 hic
1522 3105 1738 3177 mythus
1761 3107 1825 3160 ab
1852 3108 2039 3163 Horat.
2067 3108 2130 3176 Ι,
2156 3106 2265 3163 Od.
2299 3125 2397 3161 xvr
2416 3147 2432 3175 ,

1422 3183 1480 3237 13
1497 3223 1513 3252 ‚
1541 3195 1817 3250 narratur;
1849 3186 1998 3240 aliter
2019 3186 2181 3240 etiam
2211 3187 2276 3241 ab
2301 3188 2435 3260 Hy·-

1416 3261 1520 3333 gin.
1546 3261 1672 3317 Fab.
1705 3265 1811 3331 ¹4²·

1481 3342 1561 3396 83.
1584 3345 1649 3395 In
1668 3342 1895 3413 effigiem.
1928 3343 2200 3417 Phocylid.
2225 3364 2274 3399 v.
2307 3361 2393 3397 ιοι
2416 3382 2433 3411 ,

1416 3420 1593 3474 anima
1619 3432 1835 3476 vocatur
1866 3432 1979 3476 θεοῦ
2010 3425 2154 3477 εἰκών.
2197 3421 2435 3493 Eurysua

1416 3499 1637 3572 Pythag.
1657 3500 1712 3552 in
1730 3500 1865 3554 libro
1887 3499 1953 3553 de
1969 3500 2206 3553 Fortuna
2222 3538 2238 3565 ,
2252 3508 2434 3552 censet

1415 3576 1597 3631 Deum
1630 3596 1827 3631 creasse
1866 3577 2140 3630 hominem
2187 3577 2432 3651 ἀρχετύπῳ

1417 3659 1651 3731 χρώμενον
1675 3659 1832 3728 ἑαυτῷ.
1857 3654 2009 3708 Plato
2027 3655 2158 3725 Rep.
2183 3654 2294 3722 VI,
2319 3675 2433 3726 pag.

1417 3736 1510 3803 431
1521 3773 1536 3801 ,
1555 3735 1608 3788 in
1624 3732 1841 3786 homine
1860 3734 1933 3787 ait
1944 3753 2052 3788 ease
2072 3732 2266 3804 aliquid
2281 3744 2439 3789 ,θεοει-

1421 3820 1494 3874 δές
1531 3823 1614 3869 καὶ
1642 3820 1903 3869 θεοείκελον.
1937 3812 2109 3867 Fluxit
2146 3823 2200 3867 et
2233 3813 2337 3867 boc
2369 3814 2435 3866 ab

1418 3891 1707 3966 AEgyptii³;
1723 3889 1955 3947 Lactant.
1977 3892 2104 3946 lust.
2119 3891 2250 3959 vn,
2275 3908 2352 3958 tv,
2376 3892 2406 3943 3
2428 3909 2443 3945 ε
2515 3879 2592 3953 xs

1415 3974 1499 4027 At
1516 3973 1728 4027 Hermes
1748 3991 1847 4025 non
1875 3975 2129 4040 &notarit
2142 4011 2157 4034 ‚
2193 3974 2439 4025 hominem

1414 4059 1470 4105 et
1502 4070 1538 4104 a
1559 4052 1675 4103 Deo
1697 4091 1711 4114 ,
1739 4053 1811 4104 'el
1834 4052 1912 4103 ad
1925 4052 2035 4103 Dei
2061 4051 2440 4103 simaihtdinem

1397 4135 1599 4202 fictum.
1617 4131 1811 4184 Noster
1824 4130 2039 4199 effigiem
2055 4129 2274 4183 Deorum
2290 4130 2443 4200 ponit

1418 4207 1475 4262 in
1496 4225 1717 4278 corpore
1739 4204 1990 4260 humano.

1484 4287 1562 4354 84.
1589 4291 1788 4349 Prona,
1833 4283 1899 4339 ad
1931 4295 2130 4340 terram
2161 4284 2403 4357 depressa
2424 4324 2441 4353 ,

1421 4364 1705 4421 incurvata.
1730 4364 1815 4424 De
1832 4365 2004 4419 forma
2025 4363 2255 4420 hominia
2268 4373 2443 4420 erecta
