3217 5134
777 530 852 571 ιο
1554 505 2142 572 PRAEFATIO

761 670 989 717 omnes
1018 642 1354 716 communi
1389 643 1916 745 metamorphosi
1961 637 2445 744 complectitur.
2494 642 2666 740 Quae
2699 642 2900 743 paulo

765 791 914 849 ante
942 773 1023 848 de
1053 774 1227 848 saxis
1263 774 1429 863 dixi,
1465 803 1542 849 ea
1575 793 1644 851 et
1672 775 1750 849 de
1777 803 1949 876 aqua
1981 773 2217 849 valent.
2259 773 2393 849 Sed
2414 773 2705 874 inhujus
2726 803 2902 876 quo-

763 936 892 1009 que
923 908 1318 984 uniformem
1337 926 1642 985 naturam
1661 910 2065 985 mutationes
2093 909 2381 984 suaviter
2399 926 2642 984 narrat.
2666 907 2890 1016 Cyane,

762 1042 858 1132 V,
898 1042 1039 1136 428
1060 1099 1081 1134 ‚

925 1247 942 1265 .
967 1246 983 1263 .
1007 1248 1023 1265 .
1068 1207 1327 1283 Quarum
1350 1205 1535 1268 suerat
1560 1227 1828 1289 magnum
1861 1206 2037 1268 modo
2063 1227 2281 1269 numen
2296 1251 2315 1283 ,
2343 1207 2405 1266 in
2426 1204 2560 1267 ‚illas

920 1312 1280 1373 Extenuatur
1305 1334 1478 1393 aquas
1503 1336 1517 1372 ε
1542 1312 1754 1373 molliri
1784 1313 2034 1374 membra
2060 1314 2279 1376 videres
2296 1358 2317 1390 ‚

922 1415 1069 1477 Ossa
1099 1417 1214 1498 pati
1244 1417 1451 1492 flexus,
1478 1438 1701 1502 ungues
1726 1417 1990 1500 posuisse
2018 1417 2270 1503 rigorem
2301 1443 2316 1478 t

921 1523 1221 1603 Primaque
1251 1523 1321 1584 de
1354 1535 1475 1584 tota
1503 1523 1834 1585 tenuissima
1862 1545 2110 1605 quaeque
2139 1524 2498 1607 liquescunt,

923 1627 1170 1690 Caerulei
1200 1628 1383 1691 crines
1397 1674 1416 1706 ,
1442 1629 1721 1714 digitique
1738 1676 1756 1708 ‚
1778 1643 1840 1691 et
1862 1653 2029 1693 crura
2044 1676 2062 1708 ‚
2084 1630 2407 1714 pedesque;

920 1737 1067 1796 Nam
1095 1735 1280 1798 brevis
1303 1736 1363 1796 in
1388 1736 1599 1821 gelidas
1620 1737 1889 1801 membris
1910 1738 2151 1799 exilibus
2172 1738 2351 1801 undas

921 1841 1222 1903 Transitus
1252 1854 1374 1903 est:
1397 1853 1533 1926 post
1558 1843 1681 1905 haec
1716 1856 2055 1929 tergumque
2072 1889 2091 1921 ‚
2118 1843 2456 1926 humerique
2473 1888 2493 1923 ‚
2518 1844 2808 1926 latusque,

923 1950 1279 2031 Pectoraque
1309 1951 1368 2011 in
1399 1963 1603 2013 tenues
1633 1951 1848 2014 abeunt
1880 1952 2110 2014 evanida
2137 1953 2313 2016 rivos.

914 2058 1180 2139 Denique
1214 2081 1322 2142 pro
1354 2059 1486 2123 vivo
1514 2060 1734 2122 vitiatas
1757 2063 2031 2147 sanguine
2058 2083 2228 2125 venas

920 2165 1180 2248 Lympha
1208 2165 1389 2242 subit,
1419 2179 1708 2250 restatque
1734 2169 1914 2245 nihil,
1946 2169 2107 2251 quod
2134 2168 2410 2252 prendere
2435 2169 2638 2252 possis.

759 2302 953 2380 Tolle
985 2303 1183 2379 verba
1218 2306 1393 2380 Nam
1425 2306 1617 2382 brevis·
1671 2350 1749 2365 —
1792 2308 1864 2382 T
1860 2309 2120 2382 ransitus
2149 2323 2285 2396 εει,
2344 2308 2594 2409 quibus
2626 2307 2898 2383 minime

764 2467 938 2540 opus
963 2456 1136 2530 erat,
1169 2456 1237 2513 et
1260 2439 1514 2542 reliqua
1543 2440 1850 2544 praeclare
1874 2471 1943 2517 se
1963 2442 2233 2518 habent.
2261 2447 2557 2531 Rursu8‚
2587 2445 2673 2530 V,
2704 2440 2846 2515 632
2877 2498 2893 2527 ‚

762 2569 1097 2651 Arethusa
1129 2575 1208 2650 de
1242 2605 1352 2651 sc:

924 2736 1190 2817 Occupat
1218 2734 1481 2797 obsessos
1509 2734 1686 2798 sudor
1716 2736 1854 2798 mihi
1887 2736 2123 2823 frigidus
2151 2750 2340 2815 artus,

926 2843 1323 2924 Caeruleaeque
1351 2841 1560 2903 cadunt
1585 2853 1715 2903 toto
1738 2844 1808 2904 de
1837 2864 2082 2927 corpore
2110 2858 2325 2930 guttaez

872 3035 876 3039 .
922 2950 1169 3030 Quaque
1199 2946 1396 3031 pedem
1427 2948 1617 3026 movi,
1649 2960 1837 3009 manat
1857 2949 2060 3027 locus,
2086 2971 2234 3031 eque
2267 2950 2481 3033 capillis

920 3060 1045 3119 Ros
1076 3058 1241 3121 cadit.

762 3202 1106 3277 Interdum
1125 3200 1449 3277 nonnulla
1464 3202 1638 3276 fiunt
1662 3204 1837 3277 inter
1855 3203 2317 3292 mutationem,
2341 3221 2458 3277 aut
2467 3204 2898 3304 proferuntur

764 3338 848 3412 ab
882 3338 996 3427 iis,
1035 3365 1208 3439 quos
1240 3337 1451 3412 satum
1479 3336 1651 3412 illud
1685 3338 2039 3439 opprimit,
2077 3355 2155 3410 ut
2179 3340 2298 3433 IV,
2338 3335 2479 3438 575
2508 3366 2655 3442 sqq.
2679 3396 2700 3427 ‚
2739 3338 2894 3413 dum

771 3470 1046 3547 Cadmus
1077 3490 1145 3548 et
1175 3473 1527 3548 Harmonia
1559 3491 1902 3575 serpentes
1931 3472 2137 3562 fiunt;
2165 3490 2234 3547 et
2255 3475 2389 3564 lx,
2425 3472 2597 3565 355,
2626 3475 2895 3576 Dryope

765 3607 987 3682 arbor.
1027 3610 1203 3683 Sunt
1236 3611 1432 3685 etiam
1464 3607 1708 3685 sabulae
1727 3667 1746 3698 ‚
1786 3609 1853 3684 in
1892 3608 2138 3711 quibus
2166 3610 2480 3685 transitus
2502 3611 2647 3712 ipse
2665 3610 2896 3710 paucis

765 3760 1194 3833 memoratur,
1233 3745 1351 3820 sed
1379 3743 1848 3847 descriptionis
1875 3742 2024 3820 loco
2058 3744 2463 3847 comparatio
2497 3743 2780 3818 additur.
2812 3744 2890 3817 Id

768 3875 962 3978 quale
996 3876 1113 3965 sit,
1152 3904 1231 3951 ex
1256 3878 1396 3966 lx,
1428 3876 1732 3978 219-25‚
1771 3895 1839 3952 et
1865 3877 2035 3967 266,
2073 3876 2513 3972 intelligitur:

919 4053 1122 4133 thue
1150 4071 1336 4112 novus
1366 4072 1595 4134 serpens
1615 4096 1633 4128 ‚
1661 4052 1847 4135 posita
1879 4073 2006 4113 cum
2030 4053 2177 4135 pelle
2205 4062 2429 4113 senecta
2447 4095 2465 4131 ‚

918 4157 1230 4218 Luxuriare
1257 4154 1433 4233 solet,
1463 4177 1806 4238 squamaque
1836 4157 2015 4219 virere
2046 4156 2297 4228 recenti;

924 4258 1020 4322 Sic
1050 4258 1149 4323 ubi
1177 4258 1442 4323 mortales
1467 4259 1809 4341 Tirynthius
1836 4261 1991 4323 exuit
2010 4273 2203 4336 artus,
