3217 5134
519 565 1596 635 METAMORPHOSEON
1642 568 1834 635 LIB.
1880 569 2022 638 VI.

2177 576 2184 583 ”
2224 570 2356 657 435

118 744 123 751 ·
224 706 410 781 Dixit
444 705 619 782 idem
653 706 946 793 Phoebe;
982 702 1311 808 celerique
1344 735 1469 808 per
1503 735 1651 782 aera
1681 706 1874 809 lapsu

228 825 669 920 Contigerant
705 815 860 898 tecti
897 822 1255 898 Cadmeida
1288 821 1589 897 nubibus
1625 850 1860 896 arcem.

224 938 470 1014 Planus
506 956 681 1027 erat,
718 938 981 1041 lateque
1006 956 1243 1040 patens
1277 967 1489 1041 prope
1528 938 1770 1014 moenia
1806 967 2111 1069 campus,

226 1054 546 1130 Adsiduis
580 1044 886 1155 pulsatus
917 1054 1151 1156 equis;
1184 1054 1305 1128 ubi
1343 1054 1540 1128 turba
1574 1071 1871 1132 rotarum
1895 1112 1915 1144 ,

228 1170 544 1272 Duraque
574 1168 956 1245 mollierant
988 1171 1318 1271 subjectas
1353 1168 1602 1267 ungula
1640 1169 1887 1267 glebas.

2268 1213 2366 1251 220

228 1290 390 1363 Pars
421 1288 521 1361 ibi
559 1288 637 1362 de
670 1305 925 1389 septem
958 1287 1203 1382 genitis
1234 1287 1616 1388 Amphione
1650 1288 1857 1361 fortes

231 1406 706 1483 Conscendunt
739 1407 808 1479 in
843 1433 1092 1506 equos,
1128 1405 1470 1507 Tyrioque
1500 1405 1812 1480 rubentia
1844 1404 2004 1479 fi1'co

228 1525 446 1619 Terga
479 1539 836 1623 premunt3
878 1550 1176 1623 auroque
1210 1550 1439 1618 graves
1473 1522 1906 1596 moderantur
1934 1520 2244 1598 habenas».

230 1642 292 1715 E
327 1639 571 1742 quibus
602 1642 900 1712 Ismenos
922 1696 941 1725 ‚
984 1639 1098 1741 qui
1131 1640 1327 1713 matri
1362 1641 1618 1715 sarcina
1657 1640 1996 1741 quondam
2255 1626 2260 1631 ’

230 1757 453 1830 Prima
486 1784 619 1829 suae
652 1755 898 1841 suerat,
937 1755 1095 1830 dum
1132 1773 1384 1831 certum
1412 1754 1620 1830 flectit
1654 1757 1725 1830 in
1761 1757 1989 1831 orbem

2274 1781 2372 1831 225

233 1874 721 1977 Quadrupedes
753 1903 1022 1963 cursuro,
1056 1872 1566 1974 spumantiaque
1602 1901 1719 1946 ora
1753 1890 2054 1963 coercet,

300 2074 413 2127 216.
446 2077 643 2129 phebe.
667 2072 875 2136 Diana,
912 2090 1030 2141 qua
1064 2068 1250 2124 eadem

232 2171 343 2206 esse
360 2170 481 2205 cum
502 2150 654 2203 Luna
677 2147 883 2202 dicitur.
900 2148 1256 2199 lid—Conti-

230 2238 413 2300 gerant
433 2253 447 2293 ;
495 2249 635 2282 unus
651 2265 666 2293 ,
705 2233 1036 2282 constiterant
1056 2265 1070 2287 ‚
1113 2223 1259 2295 quod

238 2311 447 2381 elegans
474 2350 489 2375 ,
544 2319 598 2362 et
648 2306 881 2361 divinam
932 2307 1255 2361 celeritatem

236 2388 500 2443 declarare
534 2386 849 2439 Burmanno
885 2384 1257 2438 videbatur.—

241 2466 522 2521 Cadmeida
562 2483 729 2516 arcem
748 2481 779 2533 ,j
811 2462 1123 2516 Thebanam
1160 2482 1256 2515 ar-

236 2564 351 2600 cem
369 2583 384 2609 ‚
411 2560 441 2595 a
474 2539 685 2595 Cadmo
710 2550 1042 2594 exstructam.
1067 2542 1166 2592 Ed.
1189 2567 1258 2581 —-

247 2624 421 2684 Tecte'3
447 2637 585 2671 unus
601 2657 617 2683 ,
640 2622 785 2671 oecte‘.
800 2645 867 2657 —
890 2619 1258 2679 Tecte'nnbibus

237 2699 408 2754 solent
433 2716 541 2751 esse
570 2695 658 2748 Dii
686 2694 1063 2749 descendentes
1079 2694 1144 2748 ad
1166 2715 1259 2765 pu·

239 2775 501 2832 niendum
519 2815 535 2842 ,
562 2785 620 2827 ut
642 2773 860 2843 Apollo,
888 2772 947 2827 ll.
971 2781 1025 2828 Δ.

303 2856 625 2909 „aplanus
635 2859 759 2916 erat,
774 2861 871 2905 etc.
888 2850 934 2903 E
948 2851 1125 2920 priscoe
1139 2851 1259 2904 vite

232 2935 339 2989 ritu
355 2943 477 2987 ante
491 2933 647 2987 urbes
662 2931 934 2986 erantloca
945 2929 1256 2998 lata,eampi,

236 3015 295 3068 in
322 3013 512 3083 quibus
528 3013 746 3081 iuvenes
767 3008 924 3062 armis
942 3008 1261 3061 exerceban-

236 3102 397 3146 turet
413 3108 584 3143 cursu.
600 3089 825 3141 Homer.
845 3086 903 3139 ll.
917 3094 979 3152 Β,
1000 3084 1090 3137 811
1109 3103 1256 3153 sqq.-

236 3125 1025 3240 AEneid.V,u,162.Homei·o
1047 3172 1259 3252 auctore

237 3247 394 3318 pueri
415 3264 566 3315 eque
585 3264 644 3298 ac
668 3242 821 3297 filiae·
808 3262 860 3296 m
876 3240 1072 3296 adibus
1090 3259 1264 3311 perne-

237 3335 401 3388 runt;
445 3322 737 3378 secundum
767 3319 1009 3391 Apollod.
1042 3338 1105 3372 ex
1142 3317 1260 3371 Eu-

237 3366 501 3474 phorione
526 3413 581 3456 et
605 3400 806 3475 Hygia.
819 3409 1070 3453 venantes
1086 3397 1145 3450 in
1172 3395 1261 3451 Ci-

240 3482 481 3536 tbaerone
506 3489 691 3533 monte
707 3477 967 3531 interfecti
989 3487 1127 3531 sunt.
1152 3475 1261 3529 Ti·-

239 3577 484 3630 magoras
503 3598 520 3626 ‚
558 3557 695 3628 apud
734 3556 907 3611 Schol.
933 3555 1169 3626 Euripid.
1196 3552 1262 3608 ad

238 3636 434 3694 Phoeu.
461 3637 548 3690 162
571 3676 586 3703 ,
623 3646 803 3706 putat,
839 3655 869 3687 a
887 3633 1153 3687 Thebanis
1167 3652 1263 3704 per

238 3715 457 3772 insidias
480 3714 706 3770 sublatos
728 3733 839 3768 esse
856 3712 1172 3782 Amphionis
1188 3712 1263 3765 li-

236 3799 414 3853 beros.
424 3796 730 3850 Pestilentia
743 3814 834 3849 eos
851 3812 960 3848 esse
978 3793 1262 3860 absumtos,

237 3886 424 3932 censet
447 3874 687 3930 Eustath.
710 3873 775 3928 ad
799 3875 963 3927 Hom.
988 3873 1038 3928 d.
1061 3871 1090 3927 Ι.
1117 3871 1265 3926 Con»-

237 3954 323 4007 ser
350 3955 575 4008 Pausan.
601 3952 802 4017 Boeot„
852 3972 899 4020 p.
929 3968 1038 4018 72¹·
1074 3949 1264 4019 Apollo

241 4031 393 4087 enim
418 4029 617 4099 sagittis
639 4030 743 4082 suis
771 4028 865 4099 (b.
889 4048 935 4080 e.
965 4028 1040 4081 sol
1069 4026 1264 4096 radiis)

238 4107 597 4181 pestilentiam
657 4107 879 4160 excitare
939 4104 1264 4159 credebatur.

240 4187 479 4243 Nomina
512 4185 725 4238 illorum
756 4185 954 4239 habent
986 4182 1229 4255 Hyginus
1249 4224 1264 4251 ,

236 4267 346 4322 sab.
365 4289 384 4321 ι
398 4288 418 4322 ι
440 4288 454 4330 ;
481 4264 723 4336 Apollod.
736 4263 911 4318 Schol.
930 4265 1111 4333 Eurip.
1128 4262 1267 4318 Nos—

242 4354 330 4399 ter
347 4345 580 4400 filiorum
606 4355 811 4399 tantum
835 4344 1055 4398 nomina
1079 4342 1265 4412 habet,

1348 2069 1404 2122 in
1433 2069 1620 2139 quibus
1643 2088 1755 2122 non
1777 2069 2008 2123 multum
2039 2071 2104 2125 ab
2130 2071 2373 2141 Apollod.

1351 2147 1624 2218 discrepat.
1645 2177 1712 2192 ··—-
1722 2152 1881 2218 Prope
1892 2155 2086 2204 maem‘a.
2103 2151 2373 2208 Gebhard.

1352 2229 1680 2299 conjecturat
1697 2232 1778 2283 ad
1786 2236 1984 2286 mem.
1997 2259 2064 2272 --
2081 2234 2291 2285 Palsad
2300 2233 2374 2286 di-

1351 2306 1488 2359 citur
1502 2325 1718 2376 campus
1739 2326 1897 2360 curru
1922 2319 1975 2362 et
1994 2307 2189 2380 ungula
2204 2328 2376 2380 equo-

1350 2404 1474 2438 rum
1492 2407 1505 2449 ;
1524 2388 1722 2440 confer.
1741 2387 1954 2442 AEneid.
1968 2389 2019 2441 Χ
2036 2429 2052 2455 ,
2080 2388 2176 2441 216
2197 2410 2210 2453 ς
2230 2390 2372 2445 Nos-

1354 2475 1455 2530 ter,
1470 2465 1606 2519 infra
1622 2468 1733 2534 487.
1749 2494 1816 2506 --
1828 2467 1883 2520 A
1886 2469 2082 2521 dse'dae's
2095 2473 2234 2537 eque}
2250 2509 2260 2529 ‚
2292 2489 2377 2521 as-

1352 2543 1505 2597 siduo
1530 2560 1792 2613 equorum
1822 2564 1994 2598 cursu.
2015 2546 2115 2597 Ed.
2130 2546 2374 2600 —Schi-

1353 2620 1559 2675 rechins
1588 2622 1788 2690 profert
1809 2626 1958 2692 a‘qmsse
1995 2640 2092 2691 pro
2120 2630 2284 2692 εφαιῖ,
2318 2634 2378 2678 et

1345 2700 1555 2766 pulsare
1575 2698 1790 2767 explicat
1810 2738 1825 2765 ‚
1857 2699 2067 2752 alluere.
2095 2699 2235 2753 Tum
2254 2721 2377 2754 ver-

1353 2777 1434 2831 bis
1449 2781 1695 2829 ubitarba
1707 2777 1846 2829 viam
1858 2777 2056 2846 regiam
2073 2780 2215 2847 juxta
2231 2800 2378 2834 cam-

1354 2872 1483 2923 pum
1517 2852 1737 2906 describi
1769 2863 1931 2922 putat.
1968 2855 2040 2907 At
2063 2861 2211 2924 aqut]-
2232 2858 2376 2911 nulla

1356 2930 1664 2983 auctoritate
1683 2949 1738 2983 se
1759 2940 1940 2983 tuetur
1959 2953 1972 2994 3
1999 2949 2174 3001 neque
2189 2932 2255 2988 de
2271 2935 2373 3002 via,

1355 3007 1447 3062 sed
1472 3008 1537 3061 de
1561 3008 1675 3076 ipso
1690 3026 1876 3077 campo
1894 3026 2069 3062 sermo
2085 3020 2178 3064 est.

1424 3104 1534 3139 ου.
1554 3087 1911 3140 Conscendan!
1922 3093 1976 3140 1¹ae
1987 3108 2140 3158 equas
2148 3091 2376 3145 vestibus

1354 3165 1636 3237 purpureis
1653 3175 1829 3221 tectos.
1861 3166 2066 3222 Confer
2091 3169 2232 3225 vm
2253 3210 2268 3237 ,
2296 3172 2377 3225 33.

1356 3242 1549 3297 Secuto
1562 3252 1744 3295 tamen
1758 3242 1971 3297 heroico
1982 3246 2377 3300 exercitationes

1356 3320 1540 3373 nonin
1565 3339 1705 3390 equo
1722 3360 1737 3388 ‚
1757 3320 1848 3375 sed
1874 3323 1927 3375 in
1953 3342 2112 3376 curru
2132 3323 2378 3377 institue-

1356 3400 1566 3455 bantur.
1579 3428 1649 3444 —
1664 3403 1854 3463 Μαι-ω,
1877 3403 2022 3457 color
2037 3443 2051 3469 ,
2071 3422 2227 3472 qnam
2250 3404 2376 3474 glos·

1357 3498 1468 3534 sam
1495 3479 1803 3550 adscriptam
1830 3480 1988 3534 habet
2011 3500 2150 3534 unns
2175 3481 2295 3534 MS.
2312 3508 2378 3523 —-

1359 3560 1596 3627 Aut-oque
1635 3576 1828 3627 graves.
1845 3599 1857 3612 .
1870 3599 1882 3611 .
1911 3561 2151 3611 habenas.
2195 3557 2377 3613 Codex

1361 3635 1557 3705 Regius
1582 3636 1629 3689 Α
1649 3675 1665 3703 ,
1695 3656 1821 3689 anm
1835 3641 2109 3705 grenewic...
2129 3639 2377 3703 habene‘s5

1363 3711 1547 3767 Codex
1574 3715 1623 3768 Β
1641 3754 1656 3780 ,
1692 3734 1815 3767 anm
1828 3719 2116 3782 gravidas...
2140 3718 2382 3771 habenas.

1360 3792 1592 3847 Minime
1624 3790 1937 3864 spernendae
1973 3794 2236 3849 lectiones.
2277 3798 2376 3849 Ed.

1357 3896 1426 3912 -
1450 3873 1716 3924 Moderati
1729 3870 1951 3927 dicimus
1978 3883 2033 3925 et
2055 3891 2254 3941 equum
2280 3874 2376 3925 sre-

1360 3949 1443 4002 nis
1462 3959 1556 4015 ,‘et
1576 3950 1686 4018 ipsa
1710 3949 1875 4002 frena.
1901 3950 2181 4003 Bunm.—
2209 3953 2380 4002 Isme-

1360 4047 1486 4091 nos,
1515 4047 1542 4080 a
1566 4026 1730 4079 fluvio
1748 4028 1979 4081 Boeotia.
1995 4055 2062 4067 —
2089 4030 2385 4094 Quadrupe-

1364 4111 1468 4169 des,
1488 4124 1587 4176 pro
1600 4110 1949 4175 quadrupedes,
1975 4120 2202 4177 quatuor
2217 4108 2392 4179 MSS.

1365 4184 1669 4238 auctoritate
1688 4184 1837 4238 nixus
1856 4225 1871 4253 ‚
1900 4186 2095 4239 invexit
2116 4186 2382 4242 Heinsius.

1367 4263 1517 4334 Regii
1534 4263 1700 4316 nostri
1716 4283 1925 4335 quoque
1946 4263 2140 4319 habent
2161 4270 2386 4335 quadru-

1353 4347 1518 4410 pedis.
1543 4369 1609 4383 —-
1637 4344 1823 4397 Carsas
1853 4346 2196 4413 quadrupedes
2217 4346 2389 4415 poeti-
