3217 5134
649 550 1737 624 METAMORPHOSEON
1788 555 1986 625 LIB.
2042 558 2153 625 11.

2338 559 2470 626 205

327 695 414 767 In
442 690 685 766 durum
716 691 969 768 silicem
986 750 1006 782 ‚
1044 694 1162 795 qui
1187 722 1366 771 nunc
1401 723 1673 797 quoque
1704 695 1951 770 dicitur
1977 696 2183 772 Index
2216 726 2233 773 t

322 818 545 918 Inque
575 813 747 889 nihil
780 817 1018 892 merito
1055 835 1245 893 vetus
1278 837 1380 894 est
1415 819 1684 895 infamia
1716 848 1895 895 saxo.

425 940 615 1013 VIII.
650 938 828 1013 Hinc
865 969 935 1015 se
968 940 1327 1017 sustulerat
1357 943 1637 1044 paribus
1670 942 2023 1018 Caducifer
2050 943 2208 1036 alis;

322 1062 872 1165 Munychiosque
907 1065 1138 1141 volans
1175 1095 1370 1164 agros
1394 1124 1412 1157 ‚
1451 1085 1835 1169 gratamque
1868 1068 2187 1144 Minervae

292 1185 780 1288 -Despectabat
812 1187 1124 1280 humum,
1161 1189 1455 1294 cultique
1491 1190 1763 1267 arbusta
1793 1192 2014 1293 Lycei.

2368 1232 2466 1286 7¹0

320 1309 454 1385 Illa
482 1311 657 1385 forte
695 1311 802 1386 die
837 1328 1030 1387 castae
1064 1312 1146 1388 de
1177 1343 1365 1389 more
1398 1315 1638 1418 puellae

314 1502 515 1559 Battus
551 1515 769 1576 propter
800 1504 1067 1575 perfidum
1102 1511 1345 1562 &dez-ium

316 1592 561 1637 mutatus
582 1593 674 1637 est.
708 1582 796 1637 Sic
816 1584 975 1655 igitur
997 1596 1052 1639 et
1085 1584 1345 1640 Ovidium

316 1660 691 1731 explicandum
733 1661 974 1715 arbitror.
1014 1662 1144 1717 Sine
1181 1663 1344 1718 dubio

318 1743 379 1794 iu
402 1740 635 1810 quodam
660 1742 937 1797 Messenia
950 1751 1134 1796 monte
1156 1761 1348 1798 cerne-

318 1816 481 1872 batur
502 1819 698 1874 seriore
723 1819 881 1874 etiam
901 1829 1139 1890 tempore
1162 1840 1344 1875 saxum

316 1894 557 1951 hominis
591 1898 819 1951 sormam
862 1908 1148 1967 utcumque
1192 1900 1344 1953 rese—

320 1992 467 2027 rens.
493 1974 558 2028 In
588 1994 715 2030 eum
749 1976 921 2045 ipsum
944 1986 1211 2033 mutatum
1233 1995 1344 2032 esse

318 2054 547 2108 Battum
569 2054 773 2125 antiqui
805 2055 1164 2121 tradiderant;
1198 2056 1343 2110 uude

317 2133 371 2185 ei
392 2133 592 2185 Indice}
614 2151 815 2186 nomeu
838 2133 988 2188 hesit
1010 2143 1066 2186 et
1087 2153 1211 2188 cum
1231 2154 1344 2188 no-

316 2212 471 2265 mine
504 2210 735 2267 infamia.
769 2215 935 2267 Iade:
956 2213 1103 2266 enim
1135 2223 1190 2268 et
1223 2215 1347 2270 satis

314 2289 580 2344 invidiose
599 2290 868 2345 dicebatur
889 2310 905 2344 ε
924 2290 1032 2344 vid.
1047 2290 1260 2347 Ernesti
1277 2291 1345 2347 ad

317 2367 547 2422 Sueton.
579 2364 708 2422 Cas.
743 2388 819 2437 ¹7·

387 2446 640 2514 708—832.
657 2448 798 2499 Hinc
807 2465 866 2499 se
880 2448 1167 2500 sustulerat.
1187 2446 1345 2500 Mer-

313 2522 499 2576 curius
512 2533 654 2576 amat
669 2524 877 2586 Hersen,
891 2521 1143 2593 Cecropis
1158 2522 1341 2592 filiam,

314 2610 577 2670 rogatque
614 2600 729 2670 ejus
767 2619 1007 2655 sororem
1040 2603 1309 2670 Aglauron
1322 2642 1339 2665 ‚

315 2688 379 2733 ut
414 2699 567 2733 suam
603 2681 700 2734 sibi
723 2680 780 2734 iu
812 2683 929 2750 ejus
956 2701 1137 2736 amore
1159 2682 1341 2738 conci·-

314 2758 501 2814 liando
524 2779 742 2832 operam
756 2761 977 2817 addicat.
995 2763 1089 2817 Illa
1104 2782 1232 2817 vero
1244 2782 1342 2834 pro

313 2838 619 2893 ministerio
640 2859 889 2911 magnam
908 2840 1004 2896 sibi
1018 2842 1213 2912 expetit
1229 2844 1344 2897 auri

313 2917 445 2970 vim.
472 2918 722 2973 Minerva
744 2920 904 2991 igitur
926 2930 981 2974 et
1004 2939 1214 2975 memor
1238 2938 1343 2974 nu-

314 3016 461 3068 per-e
491 2998 727 3067 perfidia
747 3040 764 3069 ‚
801 3019 935 3055 vers.
974 3004 1070 3056 555
1104 3021 1216 3071 sqq.
1236 3043 1251 3069 ,
1288 3013 1344 3057 et

314 3077 523 3130 offensa
559 3078 773 3132 avaritia
807 3077 1052 3149 virginis,
1078 3079 1342 3135 Invidiam

311 3153 432 3209 adit
447 3195 462 3223 ,
486 3174 710 3226 eamque
728 3167 880 3228 rogat
895 3195 912 3225 ,
936 3167 999 3211 ut
1017 3175 1226 3211 veneno
1245 3178 1342 3212 suo

315 3233 597 3306 Aglauron
640 3235 841 3290 inficiat
866 3256 880 3300 ;
926 3253 1033 3305 quo
1076 3236 1213 3289 sacto
1256 3235 1341 3291 illa

311 3311 463 3367 lenta
477 3315 595 3369 tabe
606 3315 960 3381 conffcitur,et
967 3333 1135 3384 quum
1147 3314 1342 3370 invidia

311 3392 514 3446 sororis
538 3403 674 3447 tacta
704 3393 1034 3447 Mercurium
1063 3392 1339 3448 excludere

312 3468 475 3524 vellet
491 3509 509 3538 ‚
545 3471 603 3524 in
641 3470 869 3541 lapidem
902 3471 966 3524 ab
999 3490 1065 3525 eo
1088 3481 1339 3526 mutatur.

314 3546 483 3618 Apud
512 3549 711 3621 Hygin.
749 3549 873 3603 Fab.
916 3549 1043 3618 166,
1082 3549 1341 3619 Aglauros

312 3644 443 3680 eum
476 3627 743 3681 sororibus
759 3668 774 3694 ,
801 3645 831 3680 a
855 3627 1103 3681 Minerva
1131 3627 1198 3680 ob
1228 3627 1340 3681 cis-

310 3703 486 3757 tulam
522 3715 756 3774 apertam
778 3704 981 3759 insania
1011 3704 1216 3773 obiecta
1234 3742 1249 3770 ,
1280 3704 1338 3757 in

312 3800 468 3835 mare
496 3802 550 3836 se
576 3783 876 3853 praecipitat.
897 3783 1101 3838 Confer
1112 3783 1338 3837 Pausan.

310 3879 370 3930 p.
400 3862 480 3926 41.
506 3886 572 3902 —-
589 3863 729 3914 Hinc
746 3901 762 3925 ,
791 3880 854 3914 ex
878 3860 1039 3933 Pyliis
1061 3861 1197 3933 agris
1220 3880 1338 3929 :pa-

307 3938 461 3991 tibus
491 3943 621 4001 alis.
667 3939 775 3993 leni
802 3939 979 3993 volatu
999 3978 1015 4007 ,
1042 3959 1207 4009 quum
1245 3940 1337 3994 alo

311 4033 434 4070 non
448 4034 766 4088 magnopere
776 4029 1081 4085 moventur,
1092 4017 1184 4071 sed
1199 4018 1337 4072 linea

310 4097 706 4166 propemodum
741 4098 930 4153 eadem
967 4117 1178 4168 semper
1207 4117 1336 4151 ma-

308 4187 466 4231 nent.
484 4177 785 4248 Respexisse
805 4177 1016 4231 videtur
1036 4177 1186 4246 Virg.
1209 4176 1336 4229 AEn.

308 4254 435 4323 IV,
478 4259 556 4323 14.
592 4256 800 4323 Livius,
837 4257 898 4324 1,
935 4256 1002 4323 34
1025 4293 1042 4322 ,
1078 4258 1337 4321 suspense&

302 4337 419 4386 altit
436 4353 455 4387 .-
478 4334 570 4405 qui
592 4335 663 4391 ita
686 4336 864 4389 volant
877 4373 893 4403 ,
912 4337 1132 4401 pende&
1149 4331 1335 4387 dicun-

1442 1519 1564 1577 tur,
1588 1528 1713 1565 mox
1751 1529 1883 1565 vers.
1933 1508 2062 1579 726,
2099 1518 2154 1563 et
2197 1507 2315 1576 IV,
2348 1510 2465 1577 517.

1440 1587 1581 1659 Opp.
1595 1590 1824 1656 jactate}
1843 1629 1857 1651 .
1894 1598 1985 1641 aut
2008 1590 2161 1640 motis
2182 1590 2286 1639 alis
2301 1626 2315 1648 ,
2345 1585 2467 1655 qui-

1439 1667 1537 1722 bus
1564 1686 1697 1721 vers.
1722 1669 1818 1723 835
1837 1707 1852 1735 ,
1880 1667 1935 1720 in
1960 1666 2146 1720 caelum
2168 1665 2352 1719 avolat.

1510 1762 1624 1817 7⁰9·
1647 1746 1952 1818 Munychias
1966 1784 1980 1807 ,
2027 1745 2244 1797 Atticos.
2267 1744 2468 1813 Muny-

1439 1824 1592 1886 chia,
1632 1843 1750 1893 pars
1788 1823 1931 1877 urbis
1971 1820 2309 1886 Atheniensis
2340 1839 2465 1873 cum

1441 1909 1619 1969 portu.
1647 1929 1715 1941 -
1739 1900 1829 1955 Sic
1854 1901 1991 1955 dicta
2017 1920 2045 1953 a
2071 1898 2349 1972 Munycho
2375 1899 2472 1969 qui
2565 1957 2573 1972 ¹

1438 1977 1544 2032 illic
1563 1978 1838 2035 aedificavit
1870 1978 2128 2049 templum
2159 1977 2467 2050 Munycbiae

1440 2055 1647 2110 Dianae.
1665 2059 1767 2109 Ed.
1789 2084 1857 2099 —
1875 2059 2089 2110 Graiam
2105 2058 2342 2108 Ase'nervae
2359 2057 2468 2107 hu-

1439 2151 1586 2185 mum.
1616 2133 1822 2201 Nempe
1847 2138 2006 2199 graie
2032 2141 2087 2183 et
2117 2134 2313 2184 dilecte
2352 2129 2469 2184 Diis

1440 2211 1598 2267 urbes
1617 2210 1895 2278 dicuntur,
1919 2229 2036 2281 quae
2050 2222 2175 2264 sunt
2196 2211 2253 2264 in
2275 2229 2465 2263 eorum

1440 2289 1620 2342 tutela.
1641 2316 1711 2329 —
1731 2290 1953 2362 Lyceum
1983 2288 2207 2342 Athenis
2230 2308 2467 2361 gymna—

1437 2367 1598 2435 sium,
1614 2367 1774 2421 situm
1788 2378 1932 2421 extra
1945 2367 2141 2421 moenia
2154 2365 2219 2420 ad
2236 2367 2463 2433 Ilissum,

1438 2447 1647 2518 egregie
1671 2447 1873 2502 cultum
1900 2457 1956 2501 et
1986 2446 2258 2500 arboribus
2280 2446 2466 2501 consi-

1439 2538 1555 2580 tum
1579 2549 1592 2592 ς
1618 2528 1675 2580 in
1706 2545 1811 2597 quo
1829 2527 2111 2581 serioribus
2137 2526 2462 2595 temporibus
2575 2562 2582 2569 ·

1440 2604 1755 2659 Aristoteles
1780 2604 1978 2659 scholas
2003 2603 2243 2658 habebat.
2267 2602 2465 2658 Cecro-

1439 2681 1517 2752 pis
1555 2692 1736 2736 autem
1770 2692 1920 2734 aetate
1948 2700 2046 2734 nec
2069 2682 2289 2754 Lyceum
2320 2699 2463 2734 eon-

1438 2759 1609 2814 ditum
1633 2799 1648 2827 ,
1683 2779 1783 2813 nec
1801 2759 2053 2813 solemnia
2077 2759 2160 2812 illa
2178 2798 2193 2824 ,
2217 2777 2333 2828 quae
2352 2759 2464 2828 jam

1440 2837 1811 2893 describuntur
1834 2876 1849 2904 ,
1879 2837 2119 2891 instituta
2141 2847 2309 2890 erant.

1507 2936 1620 2985 7¹¹·
1650 2918 1755 2967 Illa
1762 2916 1905 2982 sorte
1939 2918 2057 2979 die;
2091 2912 2176 2966 die
2213 2914 2462 2967 vicesimo

1436 2993 1673 3048 secundo
1716 2993 1912 3048 mensis
1955 2993 2416 3048 Hecatombaeonis
2442 3034 2460 3062 ,

1441 3071 1531 3141 qui
1568 3073 1679 3125 sere
1731 3070 2017 3141 respondet
2057 3081 2243 3125 nostro
2279 3071 2426 3125 Julio
2442 3110 2461 3140 ,

1440 3150 1629 3219 quinto
1647 3168 1859 3220 quoque
1883 3168 2025 3204 auno
2039 3150 2290 3205 celebrari
2311 3151 2461 3205 sole-

1435 3229 1565 3285 bant
1587 3234 1651 3284 de
1672 3250 1834 3296 more,
1862 3232 1923 3285 ab
1951 3230 2299 3286 Erichthonio
2332 3251 2458 3303 rege

1434 3307 1678 3365 instituto
1698 3350 1713 3372 ,
1746 3319 1803 3363 et
1841 3327 1871 3362 a
1911 3309 2121 3365 Theseo
2162 3322 2418 3364 renovato
2438 3351 2456 3375 ,

1435 3387 1792 3442 Panathenoea
1805 3387 2033 3457 ,ffquibus
2048 3388 2228 3458 peplus
2250 3388 2460 3441 Miner-

1435 3484 1511 3519 νε
1540 3467 1852 3536 gestabatur.
1880 3467 1944 3520 In
1973 3484 2166 3536 pompa
2197 3465 2456 3534 solemni,

1423 3551 1608 3615 puelle
1631 3553 1787 3601 caste
1810 3557 1862 3601 et
1884 3545 2245 3611 nobilissime,
2273 3551 2459 3600 verta-e

1432 3632 1713 3694 supposilo,
1756 3625 1811 3677 in
1834 3625 2000 3694 capite
2016 3662 2031 3690 ,
2059 3623 2337 3693 portabant
2359 3642 2457 3676 ca-

1433 3708 1597 3757 nttrlm
1618 3720 1709 3756 seu
1728 3702 1912 3756 corbes
1931 3701 1954 3767 ,’
1971 3701 2116 3754 unde
2140 3705 2385 3778 κανηφόροι
2398 3711 2456 3758 et

1434 3784 1684 3857 ltzvofbpoc
1723 3778 1875 3832 dictae
1911 3790 2038 3833 suut
2061 3800 2075 3843 ς
2123 3798 2249 3832 nam
2290 3790 2449 3834 amosis·

1432 3864 1707 3911 cunels-Imm
1716 3856 1974 3928 significat
1992 3879 2006 3921 ;
2031 3868 2086 3910 et
2100 3865 2243 3912 λίκνον
2256 3856 2452 3911 eodem

1433 3935 1585 3991 redit.
1611 3935 1690 3989 Ea
1714 3935 1937 3990 canistra
1952 3942 2197 3987 coronata
2216 3932 2451 4002 (Ciosan.

1431 4015 1811 4086 interpretatur
1845 4013 1910 4067 ad
1958 4014 2276 4083 marginem·
2297 4031 2451 4082 usque

1420 4093 1621 4165 plena)
1644 4103 1797 4148 eraut
1820 4091 2038 4147 floribus
2060 4103 2115 4147 et
2139 4090 2413 4146 frondibus
2430 4129 2449 4159 ,

1429 4173 1876 4243 confluebantque
1891 4192 2065 4232 sacm.
2097 4170 2149 4225 id
2168 4181 2274 4236 est,
2299 4190 2446 4236 vasa,

1431 4270 1662 4321 quorum
1684 4271 1805 4305 usus
1822 4252 1878 4303 iu
1899 4251 2006 4304 istis
2021 4249 2341 4304 solemnibus
2355 4288 2370 4316 ,
2395 4258 2452 4302 et

1426 4333 1500 4387 sic
1522 4349 1684 4400 pura,
1722 4348 1835 4383 non
1864 4330 2087 4401 profana
2112 4350 2127 4397 3
2170 4328 2271 4384 nisi
2299 4327 2449 4382 malis
