3217 5134
726 571 814 637 60

1271 569 1351 634 P.
1418 563 1795 635 OVIDII
1850 559 2320 634 NASONIS

725 713 821 786 Et
855 737 999 811 quae
1036 708 1414 783 deciderant
1445 706 1674 810 patula
1704 706 1892 780 Jovis
1925 705 2164 780 arbore
2199 700 2492 800 glandes,

723 835 865 906 Ver
896 848 1036 905 erat
1066 848 1415 918 aeternum,
1453 830 1828 931 placidique
1863 826 2246 930 tepentibus
2283 824 2460 900 auris

731 955 1125 1030 Mulcebant
1156 956 1440 1057 Zephyri
1471 973 1667 1028 natos
1700 953 1841 1028 sine
1877 952 2122 1027 semine
2156 951 2372 1025 flores.

732 1080 902 1152 Mox
935 1079 1131 1154 etiam
1165 1079 1389 1177 fruges
1424 1077 1621 1154 tellus
1651 1077 1903 1154 inarata
1934 1077 2188 1151 ferebat
2216 1104 2235 1164 ;

728 1203 871 1276 Nec
901 1219 1253 1277 renovatus
1288 1231 1443 1298 ager
1476 1200 1762 1297 gravidis
1797 1200 2076 1274 canebat
2107 1197 2347 1272 aristis.

2774 1229 2866 1266 110

737 1324 1044 1401 Flumina
1072 1327 1208 1427 jam
1242 1324 1430 1400 lactis
1454 1385 1470 1415 ,
1499 1325 1636 1425 jam
1668 1323 1941 1398 flumina
1971 1320 2254 1398 nectaris
2287 1320 2511 1406 ibant3

812 1555 831 1588 ι
841 1534 923 1587 06.
934 1533 1137 1586 Palula.
1151 1529 1433 1584 Arridebat
1443 1529 1611 1583 Burm
1618 1546 1760 1583 anno

742 1632 774 1664 e
792 1610 927 1665 cod.
952 1610 1158 1664 Heinsii
1178 1650 1194 1678 ‚
1219 1613 1364 1675 larga
1380 1650 1393 1671 ,
1422 1608 1454 1661 i.
1472 1608 1761 1678 e.benigne

742 1689 940 1742 victum
971 1688 1289 1741 ministrans.
1311 1714 1379 1728 --
1401 1689 1622 1748 Palala,
1647 1702 1764 1754 quo

740 1785 916 1819 ramos
939 1766 1041 1819 late
1056 1763 1562 1818 diffun‹lit.-.s0as‘s
1572 1766 1763 1816 arbore.

745 1845 985 1914 Quercu,
1005 1847 1299 1910 humera,
1315 1844 1392 1896 uti
1407 1843 1584 1895 laurus
1597 1842 1762 1907 Apol-

740 1926 863 1986 lini,
892 1925 1108 1976 Herculi
1122 1921 1343 1992 populus
1361 1960 1377 1987 ,
1411 1920 1578 1972 Marli
1591 1917 1760 1970 fraxi-

742 2020 862 2066 nus,
879 2001 1176 2054 etsm’nervae
1189 2000 1322 2066 olea,
1339 1995 1761 2066 etc.Ed.·-·Ergo

744 2097 972 2148 quernas
1003 2077 1219 2148 glandes
1249 2077 1572 2130 devorarunt
1603 2072 1762 2145 primi

744 2155 986 2210 homines
1007 2179 1020 2221 ;
1073 2174 1189 2226 quae
1228 2175 1353 2210 sane
1395 2154 1495 2208 suit
1536 2153 1763 2223 vulgaris

749 2236 1012 2289 Veterum
1036 2234 1232 2305 opinio.
1258 2234 1443 2303 ltaque
1464 2242 1519 2286 et
1540 2233 1597 2285 in
1624 2232 1763 2284 Am-

746 2313 1041 2366 barvalibus
1074 2330 1333 2382 quer-nam
1372 2328 1627 2365 coronam
1663 2329 1767 2379 ge-

748 2390 938 2445 rebant
970 2391 1024 2442 in
1053 2389 1210 2458 hujus
1235 2388 1400 2442 victus
1422 2388 1766 2441 memoriam:

750 2469 902 2538 Virg.
936 2467 1131 2537 Georg.
1175 2468 1201 2521 1
1223 2506 1237 2533 ,
1277 2466 1392 2519 350.
1431 2465 1538 2519 Sed
1575 2467 1768 2519 merito

753 2545 1022 2599 dubitatur
1042 2584 1057 2611 ‚
1097 2563 1165 2598 an
1190 2562 1405 2613 quernoe
1430 2542 1643 2614 glandes
1675 2543 1771 2596 ali-

752 2634 933 2678 menta
967 2623 1235 2694 praebeant
1268 2621 1505 2674 humano
1542 2621 1770 2691 corpori.

754 2700 924 2753 Error
958 2701 1073 2753 sine
1111 2698 1272 2752 dubio
1308 2698 1433 2752 inde
1473 2708 1620 2751 ortus
1655 2708 1732 2752 est
1754 2736 1770 2763 ,

754 2777 896 2849 quod
903 2782 1108 2847 glandis
1121 2787 1175 2831 et
1183 2780 1382 2846 βαλάνου
1394 2777 1471 2830 vis
1485 2776 1637 2830 latius
1647 2776 1774 2829 olim

755 2856 953 2927 patuit,
987 2874 1273 2926 omnesque
1288 2855 1486 2908 fructus
1507 2852 1774 2908 echinatos

754 2935 1024 3005 complexa
1040 2945 1118 2989 est
1142 2954 1155 2987 ε
1174 2932 1293 2987 vide
1312 2933 1550 2987 Dioscor.
1572 2931 1628 3000 Ι,
1654 2932 1773 2997 126,

759 3012 848 3066 ubi
876 3013 1016 3065 inter
1035 3012 1134 3065 alia
1160 3010 1319 3065 tradit
1340 3051 1355 3079 ,
1379 3018 1652 3064 castaneas
1675 3007 1778 3061 dici

761 3095 867 3151 Διός
894 3092 1145 3154 βαλάνουςς
1180 3091 1245 3143 cs.
1273 3089 1556 3144 -Pausanioe
1581 3084 1773 3141 Arcad.

757 3191 810 3241 p.
844 3173 958 3243 599.
992 3167 1179 3221 Kuhn.
1212 3169 1390 3238 Atque
1426 3167 1586 3221 etiam
1620 3164 1780 3219 bodie

758 3249 816 3302 in
837 3247 988 3301 terris
1005 3246 1309 3301 australibus
1326 3265 1491 3316 genus
1510 3244 1778 3316 quoddam

732 3373 736 3377 ,
762 3325 1034 3397 glandium
1055 3325 1313 3391 nascitur,
1338 3324 1525 3395 quibus
1543 3323 1689 3376 tostis
1708 3322 1781 3374 lo·

759 3424 823 3460 eo
849 3415 1212 3459 castanearum
1243 3411 1469 3456 utuntur
1498 3399 1639 3454 wid.
1676 3399 1781 3453 Go—

765 3501 866 3553 gue
871 3493 906 3536 t.
922 3502 1034 3536 vom
1054 3482 1338 3549 θηρητῆρα
1349 3483 1440 3534 der
1455 3482 1673 3533 Gesetze
1684 3487 1782 3531 etc.

767 3581 816 3629 p.
840 3562 894 3627 1,
921 3562 1008 3616 lib.
1026 3582 1071 3616 a.
1095 3580 1145 3631 p.
1171 3564 1231 3632 57
1248 3579 1359 3630 sqq.
1391 3557 1609 3628 Scripsit
1623 3556 1784 3611 etiam

769 3642 1048 3695 Leisnerus
1072 3658 1246 3710 progr.
1272 3639 1337 3692 de
1358 3636 1707 3692 Glandivoris.

839 3740 860 3772 1
869 3739 947 3789 0⁷·
982 3723 1084 3772 Ver
1094 3727 1206 3772 etat
1214 3726 1445 3771 aetemnm
1459 3727 1556 3770 etc.
1572 3715 1652 3768 Ex
1666 3713 1785 3785 pbi-

769 3797 1112 3868 losophorum
1138 3796 1401 3852 sententia
1417 3836 1433 3862 ‚
1473 3813 1633 3865 quam
1652 3812 1786 3852 sua-

771 3879 981 3932 vissime
1021 3876 1265 3931 describit
1287 3875 1437 3946 Virg.
1472 3873 1668 3942 Geor-g.
1696 3872 1785 3939 11,

773 3958 872 4012 336
893 3975 1003 4027 sqq.
1019 3996 1034 4024 ,
1054 3952 1454 4010 natalesxmundi
1480 3954 1537 4006 in
1559 3969 1787 4005 vernum

772 4048 981 4106 tempus
1014 4035 1345 4101 incidebant,
1387 4031 1547 4102 idque
1581 4042 1790 4101 tempus

772 4114 979 4168 duravit
997 4135 1090 4186 per
1107 4125 1278 4168 totum
1300 4114 1535 4168 seculum
1551 4129 1790 4165 aureum.

781 4197 885 4247 Ver
902 4198 1161 4246 assiduum
1194 4203 1274 4247 est
1298 4191 1447 4262 Virg.
1471 4191 1666 4261 Georg.
1698 4187 1789 4258 11,

776 4274 902 4345 ¹493
922 4277 1217 4340 verlongum
1236 4273 1369 4325 Hor.
1388 4273 1464 4338 11,
1482 4270 1589 4325 od.
1611 4286 1693 4337 Vl,
1718 4292 1791 4342 ¹7·

844 4353 952 4406 108.
986 4354 1211 4423 Zephyri
1235 4352 1454 4406 comites
1474 4358 1598 4405 sunt
1623 4350 1794 4406 Veris.

1834 1549 1922 1569 ·—
1961 1527 2255 1580 Mula-ebant
2272 1565 2288 1589 ‚
2332 1523 2521 1579 leviter
2567 1521 2872 1592 agitabant,

1854 1607 1962 1662 huc
1977 1617 2031 1662 et
2045 1607 2163 1660 illue
2178 1605 2463 1659 movebant
2477 1602 2650 1657 flores.
2666 1602 2805 1656 Fast.
2822 1599 2873 1668 I,

1856 1687 1916 1741 61
1940 1728 1956 1754 ‚
1993 1697 2182 1741 ventus
2212 1690 2397 1739 mulce!
2418 1702 2642 1738 summas
2669 1687 2874 1735 armas.

1865 1771 2030 1835 Tepor
2038 1767 2287 1821 convenit
2305 1763 2582 1836 temperiei
2596 1762 2728 1817 aeris
2745 1779 2874 1815 ver-

1860 1847 1932 1899 ni.
1947 1845 2083 1900 Pliu.
2103 1845 2179 1912 11,
2199 1845 2297 1914 Ep.
2313 1861 2453 1910 xvn,
2469 1843 2501 1896 3
2519 1881 2535 1909 ‚
2552 1848 2718 1909 lepore
2728 1858 2877 1892 verno

1856 1928 2120 1978 adescant.
2147 1921 2378 1977 Causam
2403 1920 2538 1974 illius
2556 1917 2751 1990 teporis
2766 1915 2878 1970 red·

1858 2001 1937 2055 dit
1955 2001 2160 2056 Lucret.
2173 2002 2246 2067 V,
2264 2000 2385 2053 815:
2402 1997 2484 2052 At
2497 2002 2696 2051 novitas
2707 1997 2885 2048 mundi

1856 2099 1950 2134 nec
1965 2078 2171 2148 frigora
2193 2082 2320 2132 dura
2348 2080 2519 2131 ciebat
2537 2086 2634 2130 etc.
2669 2101 2737 2117 ·-
2762 2075 2878 2127 Sine

1856 2163 2058 2221 semine,
2084 2159 2198 2212 sine
2213 2175 2339 2211 cura
2354 2154 2636 2208 hominum
2657 2173 2671 2208 τ
2690 2151 2875 2222 Virgil.

1861 2237 2092 2308 (ἔπεσι-ς]
2108 2276 2124 2304 ,
2154 2257 2241 2304 22,
2274 2239 2489 2289 nonullo
2500 2234 2877 2302 sem‘ucsmqes.

1862 2315 1996 2369 Haec
2016 2325 2142 2368 sunt
2161 2315 2363 2382 eiujussa
2378 2317 2627 2381 gramina.

1935 2412 2045 2465 ¹⁰9·
2074 2394 2204 2444 Mox
2236 2410 2348 2444 non
2384 2390 2635 2460 temporis
2662 2407 2879 2443 succes-

1864 2473 2069 2526 sionem
2079 2469 2291 2535 indicat,
2306 2468 2400 2523 sed
2412 2469 2781 2522 continuatum
2794 2485 2883 2519 or·

1866 2549 2047 2602 dinem
2064 2587 2079 2612 ,
2103 2547 2245 2601 idem
2270 2565 2428 2618 quam
2452 2556 2719 2617 praeterea.
2744 2543 2881 2597 Vide

1868 2626 2130 2683 Schwarz.
2144 2624 2211 2678 ad
2226 2624 2662 2689 Plin.Pan.Vlll,
2679 2623 2727 2675 6.
2738 2622 2883 2675 Male

1867 2703 2027 2775 igitur
2044 2703 2266 2757 Lenzius
2280 2713 2465 2756 monet
2479 2742 2493 2770 ,
2514 2700 2772 2756 Ovidium
2787 2698 2887 2751 boc

1869 2783 2096 2855 posuisse
2113 2823 2129 2851 ,
2166 2783 2287 2853 quia
2295 2783 2483 2851 fruges
2505 2780 2670 2835 serius
2706 2789 2897 2850 matu-A

1870 2873 2085 2916 rescunt
2116 2861 2344 2916 floribus.
2388 2861 2575 2930 Neque
2610 2858 2757 2911 idem
2791 2876 2890 2911 nou

1872 2948 2138 2996 renouatus
2151 2950 2293 2995 recte
2309 2940 2525 3009 explicat
2538 2978 2553 3007 ,
2572 2957 2685 2991 non
2702 2945 2891 2990 aratus.

1945 3041 1965 3073 1
1979 3041 1997 3072 ι
2007 3041 2054 3074 ο.
2077 3022 2186 3074 Nec
2198 3025 2461 3072 renovatus
2470 3036 2603 3085 ager.
2624 3016 2799 3069 Immo
2818 3033 2895 3067 ιτ-

1874 3107 2085 3154 novatus
2106 3119 2231 3168 ager
2250 3108 2328 3153 est
2349 3097 2548 3150 novalis
2566 3135 2581 3163 ,
2610 3096 2700 3166 qui
2726 3095 2892 3148 alter-

1875 3179 1957 3232 nis
1981 3178 2132 3232 annis
2153 3186 2301 3230 vacat
2318 3187 2372 3229 et
2390 3184 2631 3227 novatur.
2658 3173 2856 3227 Sensus
2877 3187 2891 3220 t

1877 3253 2107 3324 Singulis
2130 3253 2280 3306 annis
2307 3272 2399 3305 sua
2419 3261 2607 3322 sponte
2631 3270 2755 3320 ager
2776 3251 2892 3303 sru-

1877 3341 2060 3386 menta
2082 3330 2282 3385 serebat
2297 3370 2312 3392 ,
2339 3349 2440 3383 nec
2461 3339 2599 3393 erat,
2625 3348 2721 3382 cur
2743 3328 2901 3400 alter-0

1879 3410 1960 3464 nis
1997 3418 2234 3464 cessaret.
2268 3435 2335 3448 -
2360 3409 2613 3470 Condat,
2650 3406 2895 3477 exprimit

1881 3489 2193 3543 albicantem
2230 3489 2417 3559 segetis
2458 3486 2705 3542 colorem.
2747 3486 2895 3556 Virg.

1881 3570 1994 3625 Ecl.
2020 3568 2101 3623 lv
2119 3609 2135 3637 ,
2163 3569 2227 3622 28
2244 3607 2260 3635 ‚
2298 3586 2408 3620 non
2437 3567 2615 3621 minus
2638 3573 2856 3619 venuste
2879 3602 2896 3629 ,

1880 3651 2030 3702 nolli
2043 3650 2296 3717 flavescet
2337 3664 2544 3713 campus
2586 3647 2765 3696 are‘sla.
2819 3641 2901 3695 Ita

1882 3747 2025 3781 cana·
2045 3731 2215 3779 artlrlae
2228 3765 2244 3793 ,
2270 3724 2350 3779 vl
2368 3764 2383 3791 ‚
2406 3723 2600 3790 4512-
2626 3722 2867 3772 Grande&
2886 3759 2902 3787 ‚

1885 3805 2053 3876 plenis
2066 3821 2374 3875 granorum,
2392 3811 2468 3867 ut,
2489 3799 2591 3866 111,
2607 3797 2705 3850 665
2719 3836 2734 3865 ,
2766 3798 2908 3850 Gra-

1884 3885 2016 3936 vidis·
2036 3878 2589 3954 corymbis-:Caeterum
2606 3894 2699 3928 sua
2715 3884 2907 3944 sponte

1886 3960 2013 4013 olim
2028 3961 2294 4013 frumenta
2313 3966 2435 4010 nata
2447 3973 2555 4008 esse
2571 3972 2781 4007 necesse
2799 3963 2906 4005 est:

1886 4038 1991 4092 vid.
2028 4039 2208 4110 Heyn.
2249 4037 2305 4090 in
2342 4034 2540 4104 Opusc.
2581 4029 2744 4086 Acad.
2777 4040 2814 4084 t.
2844 4029 2906 4098 1,
3006 4048 3010 4052 ·

1888 4138 1939 4188 p.
1962 4118 2061 4191 339
2081 4137 2193 4187 sqq.
2646 4188 2659 4201 ⁹

1961 4217 1980 4248 ι
1996 4217 2015 4248 ι
2028 4216 2047 4248 ι
2057 4192 2420 4261 ,Humittajam
2428 4194 2593 4244 lactis.
2603 4188 2693 4242 Sic
2703 4188 2911 4257 eloque-

1888 4273 2084 4327 bantur
2095 4282 2296 4324 veteres
2309 4286 2559 4338 magnam
2574 4265 2720 4320 lactis
2732 4265 2906 4319 etvini

1891 4352 2094 4422 copiam
2110 4390 2126 4418 ,
2153 4368 2254 4419 qua
2281 4359 2518 4418 tempore
2543 4362 2704 4399 aureo
2729 4362 2909 4397 vacca-
