3217 5134
580 542 1643 612 METAMORPHOSEON
1697 545 1899 612 LIB.
1956 545 2136 614 V11.

2280 552 2408 644 527

294 721 329 752 »
368 685 567 760 Dicta
602 685 729 759 sub
766 682 1107 787 amplexus
1141 684 1402 779 AEginae
1433 682 1778 784 Asopidos
1811 684 1980 772 isse;

294 838 333 870 »ι
366 807 506 878 Nec
541 820 604 877 te
625 857 644 889 ,
677 829 914 897 magne
947 818 1176 902 pater,
1211 800 1423 874 nostri
1455 800 1666 902 pudet
1696 829 1839 876 esse
1867 821 2248 902 parentem;

298 953 333 984 n
372 923 509 995 Aut
542 919 709 994 mihi
738 919 937 1004 redde
961 946 1148 993 meos
1170 973 1189 1005 ,
1223 935 1341 991 aut
1362 945 1468 991 me
1497 946 1762 1019 quoque
1789 917 1995 994 conde
2017 920 2340 1022 sepulcro.
2379 955 2413 987 ω

294 1034 415 1112 llle
445 1054 672 1111 notam
704 1035 966 1132 fulgore
1001 1034 1182 1110 dedit
1203 1088 1223 1123 ‚
1263 1034 1996 1135 tonitruqnesecundo.

303 1186 337 1218 α
375 1151 655 1253 Accipio
677 1207 696 1239 ‚
737 1151 1006 1252 sintque
1037 1150 1164 1225 ista
1188 1178 1426 1251 precor
1455 1149 1672 1225 felicia
1701 1150 1940 1225 mentis

2325 1175 2427 1227 6:20

300 1302 338 1335 »
377 1268 584 1364 Signa
618 1285 782 1354 tuae‚
816 1266 996 1340 dixi:
1029 1266 1210 1367 qnod
1244 1266 1360 1340 das
1390 1267 1555 1341 mihi
1578 1322 1596 1354 ‚
1635 1268 1985 1368 pigneror,
2027 1297 2240 1344 omen.
2277 1304 2313 1338 »

182 1389 199 1402 '
402 1419 438 1449 »
478 1385 679 1458 Forte
707 1381 837 1457 fuit
858 1382 1045 1481 juxta
1077 1381 1323 1484 patulis
1352 1383 1686 1458 rarissima
1716 1386 1949 1473 ramis,

297 1499 495 1573 Sacra
522 1501 678 1573 Jovi
699 1555 718 1587 ,
759 1528 1040 1601 quercus
1080 1499 1161 1575 de
1196 1500 1441 1575 semine
1478 1500 1846 1575 Dodonaeo.

298 1618 429 1692 Hic
463 1645 589 1691 nos
623 1616 981 1714 frugilegas
1016 1617 1436 1718 adspeximus
1467 1617 1725 1712 agmine
1759 1616 1963 1712 longo

301 1740 572 1815 Grande
605 1769 775 1816 onus
808 1741 1049 1837 exiguo
1085 1740 1392 1815 formicas
1430 1769 1543 1814 ore
1582 1757 1921 1835 gerenteS‚

304 1967 502 2022 Codice
529 1968 816 2034 Vaticano,
842 1969 1043 2038 profert
1061 2006 1076 2032 ,
1104 1970 1314 2019 isse-sub

295 2048 561 2113 amplexus
566 2047 762 2112 AEginae
775 2046 1030 2111 Asopides
1037 2048 1215 2111 ignem.
1229 2042 1314 2096 Cf.

303 2125 387 2177 Vl
402 2161 417 2189 ‚
449 2143 470 2176 1
482 2123 541 2176 13
558 2160 573 2188 ,
600 2123 690 2174 ubi
705 2122 918 2191 Jupiter
933 2123 1167 2189 Asopida
1185 2123 1322 2174 ludit

301 2208 477 2271 ignem
494 2241 507 2263 ,
538 2218 658 2266 seu,
673 2201 729 2253 in
745 2201 924 2270 ignem
941 2217 1236 2255 conversus.
1250 2203 1317 2253 In
1342 2231 1347 2236 ,

304 2283 567 2347 amplexus
589 2283 663 2332 ire
687 2289 766 2332 est
788 2277 868 2333 xl
885 2317 902 2345 ,
926 2280 1038 2333 2²8.
1064 2305 1132 2318 -
1146 2280 1306 2340 Nota,

304 2358 531 2426 signum.
548 2384 616 2400 —
629 2359 842 2424 Fulgore
862 2396 877 2419 ,
912 2355 1128 2426 fulgoris
1140 2355 1318 2424 splen·

307 2436 453 2490 dore.
476 2439 578 2492 Ed.
608 2464 674 2477 —
710 2437 1012 2505 Toum-uque
1051 2437 1272 2490 secundo
1294 2451 1315 2499 ‚·

308 2534 476 2584 quum
499 2514 714 2584 quidam
735 2514 962 2568 babeant
996 2519 1322 2583 tonitrumque

304 2596 575 2656 secundum
596 2633 611 2655 ‚
663 2592 912 2646 Heinsius
948 2592 1107 2646 etiam
1115 2591 1322 2661 fulgore

306 2683 481 2726 mutat
518 2672 575 2724 in
598 2672 787 2741 fulgur
801 2712 816 2736 ‚
855 2682 915 2725 ut
946 2672 1014 2726 sit
1048 2672 1318 2743 oppositio.

305 2750 436 2804 Duo
452 2787 471 2810 ,
514 2755 823 2820 tom‘trusqne
856 2753 1104 2804 secundos
1133 2790 1147 2814 ,
1191 2768 1321 2820 quos

305 2831 651 2885 Burmannus
675 2831 813 2899 capit
847 2830 929 2884 vel
960 2829 1027 2883 de
1061 2830 1241 2883 faustis
1268 2839 1322 2882 et

304 2910 602 2963 faventibus
617 2947 634 2975 ‚
654 2908 736 2961 vel
753 2907 963 2977 proprie
975 2907 1045 2959 de
1061 2907 1294 2976 repetitis
1304 2924 1322 2959 ι

307 3005 421 3041 non
457 2986 604 3039 enim
638 2985 898 3040 suffecisse
940 3002 1110 3037 unum
1144 3002 1322 3053 augu-

307 3065 449 3118 rium
468 3102 483 3130 ,
511 3062 609 3116 nisi
632 3061 1040 3116 confirmaretur
1062 3081 1122 3114 ex
1148 3061 1321 3116 simili.

307 3169 378 3183 —
390 3140 541 3209 Regii
559 3140 725 3194 nostri
741 3139 935 3193 habeut
944 3144 1225 3207 ¹loarilmque
1239 3158 1326 3191 se-

310 3222 478 3275 cundo
495 3260 511 3280 ‚
542 3229 598 3272 et
628 3219 804 3272 nescio
831 3236 898 3272 an
925 3217 1041 3286 quis
1070 3228 1210 3270 reete
1234 3236 1330 3288 ref

311 3298 511 3367 ceperit
547 3296 795 3352 lectiones
839 3314 966 3364 quas
1007 3294 1222 3365 protulit
1258 3296 1322 3349 cl.

318 3381 499 3445 cim&
531 3395 593 3430 ex
628 3375 852 3429 Heinsio
880 3385 935 3428 et
962 3374 1279 3428 Burmanno
1305 3396 1322 3440 3

313 3455 585 3510 dicebatur
598 3454 813 3525 quidem
828 3460 1096 3508 tonitrum
1105 3475 1125 3522 ‚⁶
1137 3455 1228 3509 sed
1244 3462 1325 3507 to-

311 3539 497 3586 nitran
519 3543 573 3586 et
588 3538 800 3586 tom'lms
818 3533 869 3586 iu
889 3532 1075 3602 plurali
1096 3548 1325 3586 numero

313 3611 587 3681 plusquam
602 3621 836 3681 suspecta
852 3611 1100 3664 vocabula
1117 3613 1323 3681 opinor.

315 3693 414 3743 Ed.
435 3717 504 3730 —
524 3691 830 3758 &cundu35
854 3689 994 3760 quod
1020 3689 1327 3744 audiebatur

312 3788 343 3821 e
366 3769 571 3822 sinistra
593 3769 763 3823 sereni
788 3769 897 3822 cali
923 3779 1087 3838 parte.
1110 3768 1225 3821 Tali
1251 3779 1328 3821 to·

314 3847 459 3902 uitru
493 3846 706 3916 Jupiter
742 3847 1100 3917 significabat,
1123 3867 1179 3901 se
1215 3866 1324 3901 esse

314 3935 586 3978 exoratum
603 3927 823 3978 :consen
834 3926 1124 3991 Homerus,
1138 3924 1327 3995 Odyss.

315 4012 351 4057 Υ
369 4042 385 4069 ,
413 4020 503 4056 102
524 4001 831 4071 3Virgilius‚
856 4002 1066 4057 AEneid.
1085 4004 1141 4058 11
1157 4042 1171 4069 ,
1195 4003 1324 4076 692,

316 4083 490 4151 ibique
514 4083 741 4140 Servius.
763 4112 830 4124 -
844 4086 1057 4151 Accipio
1076 4100 1094 4147 ,·
1119 4103 1216 4136 vox
1228 4103 1322 4138 eo-

316 4183 438 4217 rum
462 4165 553 4233 qui
574 4185 629 4219 se
657 4164 956 4219 indicabant
980 4166 1123 4219 bono
1148 4166 1326 4220 omine

317 4242 492 4298 oblato
515 4244 692 4298 letari.
713 4272 782 4285 -—
802 4246 1045 4312 Pe'gnemr
1063 4285 1077 4306 ‚
1118 4263 1214 4313 pro
1238 4244 1331 4314 pi-

319 4339 481 4387 gnore
504 4323 887 4378 benevolentia
915 4333 1016 4378 tue
1043 4322 1229 4377 habeo.
1263 4349 1332 4363 —

2330 1765 2431 1816 623

1413 1965 1610 2035 Regius
1637 1966 1684 2018 A
1718 1964 1860 2018 hunc
1890 1983 2102 2020 versum
2139 1966 2209 2020 ita
2234 1966 2392 2022 habet
2419 1989 2432 2022 ε

1411 2062 1519 2111 que
1533 2046 1631 2095 das
1642 2045 2011 2111 mibipe'gnora,
2034 2064 2230 2098 numen.
2249 2043 2432 2100 Codex

1413 2121 1460 2174 B
1488 2160 1503 2188 ‚
1552 2123 1691 2189 quod
1725 2124 1824 2173 das
1855 2124 1987 2174 mihi
2011 2125 2241 2191 pignoris
2277 2145 2434 2177 omen.

1416 2198 1642 2268 Vulgata
1650 2198 1807 2252 lectio
1822 2218 1946 2253 vera
1959 2199 2193 2263 videtum
2208 2199 2278 2253 sic
2295 2201 2430 2269 apud

1421 2273 1756 2343 Ciceronem,
1773 2275 1995 2347 Philipp.
2012 2276 2167 2343 xlv,
2182 2298 2242 2330 ια
2256 2296 2269 2329 :
2283 2280 2432 2332 Mars

1415 2357 1524 2421 ipse
1542 2357 1598 2405 in
1616 2359 1731 2406 acie
1737 2352 2078 2421 soritis-simum
2099 2374 2335 2424 quemque
2346 2361 2436 2424 pi·-

1412 2436 1771 2501 mmrisolel.
1795 2431 1934 2487 Vide
1955 2434 2191 2487 Nonium
2212 2474 2227 2501 ,
2252 2435 2306 2487 in
2325 2455 2435 2488 voc.

1407 2515 1673 2578 pignerari
1683 2528 1702 2575 ‚·
1731 2521 1787 2564 et
1818 2510 1939 2565 Aul.
1964 2510 2199 2565 Gellium
2225 2552 2243 2580 ‚
2281 2513 2434 2568 Noct.

1420 2586 1580 2641 Attic.
1604 2588 1832 2655 XVIII,
1864 2609 1938 2643 η.
1961 2590 2088 2641 Ed..

1484 2666 1600 2719 622.
1613 2668 1907 2720 amasim
1976 2670 2248 2722 Dodonae.
2260 2667 2436 2737 Quer-

1420 2763 1512 2802 cus
1546 2746 1819 2798 Dodone
1859 2746 2012 2799 erant
2045 2746 2398 2800 celeberrima
2421 2789 2435 2816 ,

1418 2823 1509 2877 sed
1534 2821 1590 2875 in
1613 2822 1783 2876 insula
1805 2823 1998 2892 AEgina
2019 2829 2309 2879 mussimoe.
2348 2827 2437 2879 Sic

1421 2902 1622 2970 Regius
1631 2911 1684 2954 et
1698 2902 1993 2955 Burmann.
2010 2902 2274 2955 Arborem
2292 2904 2438 2956 enim

1411 2982 1607 3048 patuli:
1628 2984 1784 3032 tamt&
1807 2979 2029 3033 minime
2046 2979 2148 3033 dici
2172 2999 2318 3049 posse
2336 2997 2440 3050 pu·-

1421 3066 1537 3110 tant
1548 3076 1731 3111 mmm.
1757 3056 1951 3111 Monet
1971 3075 2131 3126 porro
2156 3058 2436 3112 Burman-

1422 3137 1522 3187 nus
1545 3152 1694 3204 posse
1719 3144 1773 3187 et
1794 3138 2081 3188 claris-siaa
2110 3134 2228 3207 legi.
2264 3136 2437 3190 Hein—

1419 3214 1526 3267 sius
1547 3223 1798 3281 suaserat,
1814 3217 2083 3267 latissima.
2105 3216 2152 3270 E
2169 3216 2436 3280 ÷ers.636·‚

1422 3293 1631 3364 colligas
1650 3334 1666 3360 ‚
1692 3304 1902 3363 poetam
1926 3312 2180 3363 quercum
2203 3294 2439 3365 plurimis

1420 3372 1579 3426 ramis
1599 3370 1831 3426 indicare
1849 3372 2085 3426 voluisse.
2099 3373 2276 3442 Atque
2293 3375 2440 3444 plura

1422 3464 1707 3507 occurrunt
1733 3453 1843 3507 loca
1864 3493 1879 3520 ,
1922 3455 2010 3507 ubi
2035 3453 2302 3510 densitatis
2328 3476 2440 3509 no·-

1423 3534 1624 3588 tionem
1641 3544 1981 3603 exspectasses
1998 3573 2013 3600 ,
2030 3545 2084 3587 et
2101 3545 2278 3587 tamen
2299 3556 2443 3588 rarus

1422 3624 1731 3683 usurpatum
1746 3622 1823 3665 est
1840 3650 1854 3677 ‚
1881 3623 1938 3664 ut
1955 3612 2179 3683 Virgilio
2197 3652 2212 3680 ‚
2239 3613 2348 3667 Ecl.
2367 3616 2440 3680 V,

1427 3712 1453 3760 7
1473 3713 1487 3754 ς
1510 3692 1651 3757 v11,
1677 3691 1776 3759 463
1808 3688 2061 3743 Cornelio
2084 3692 2215 3762 Nep.
2238 3687 2304 3757 1:
2319 3709 2376 3759 v,
2395 3694 2441 3744 3.

1426 3771 1652 3825 Lenzius
1674 3771 1776 3825 hoc
1797 3771 1912 3825 loco
1935 3777 2242 3825 raris-simam
2274 3772 2444 3824 inter-

1424 3860 1662 3920 pretatur
1680 3890 1696 3917 ,
1732 3851 1881 3918 cujus
1917 3851 2049 3904 rami
2083 3870 2136 3903 se
2171 3868 2280 3902 uon
2311 3866 2442 3918 pre-

1425 3938 1615 3994 munt,
1639 3929 1779 3981 iuter
1800 3945 1929 3998 quos
1941 3946 2134 3996 magna
2158 3927 2330 3996 potius
2348 3927 2442 3978 in·-

1426 4009 1638 4063 tervalla
1653 4049 1667 4074 ,
1690 4008 1924 4078 adeoque
1941 4027 2164 4078 quercus
2182 4006 2439 4061 altissima.

1489 4086 1603 4153 624.
1625 4088 1730 4140 Ile'c
1749 4105 1842 4139 nos
1851 4087 2143 4154 frugilegas
2162 4095 2259 4139 etc.
2276 4085 2444 4138 Locus

1423 4166 1622 4232 suavis,
1656 4183 1763 4234 quo
1795 4185 1880 4218 res
1919 4166 2093 4219 tenuis
2131 4163 2317 4218 decore
2343 4183 2443 4217 or-

1425 4253 1550 4297 nata
1570 4253 1624 4297 et
1650 4254 1837 4296 natura
1854 4244 2193 4297 formicarum
2218 4242 2443 4297 fideliter

1426 4339 1680 4391 expressa.
1703 4349 1772 4363 -
1800 4323 2008 4377 Grande
2035 4326 2232 4391 ext'guo.
2256 4323 2445 4376 Hora—
