3217 5134
820 526 954 645 376

1294 596 1299 601 γ
1383 548 1463 615 P.
1522 548 1885 618 OVIDII
1932 546 2392 616 NASONIS

820 693 959 767 Ore
993 690 1337 766 Medusaeo
1373 689 1624 764 silicem
1657 690 1800 765 sine
1831 690 2151 786 sanguine
2181 689 2359 764 fecit.

918 810 1261 882 Hactenus
1293 807 1622 904 aurigena
1653 807 1963 882 comitem
1997 806 2307 881 Tritonia
2333 804 2524 879 fratri

2863 828 2949 880 250

820 926 908 999 Se
943 923 1170 998 dedit:
1201 922 1354 999 inde
1391 952 1545 999 cava
1583 922 1986 1017 circumdata
2017 920 2202 995 nube
2237 920 2572 1021 Seriphon

820 1041 1121 1129 Deserit,
1160 1070 1199 1114 a
1234 1040 1461 1115 dextra
1498 1040 1767 1142 Cythno
1806 1040 2159 1141 Gyaroque
2189 1037 2461 1112 relictiS.

826 1157 1110 1258 Quaque
1144 1185 1349 1259 super
1380 1175 1664 1258 pontum
1699 1157 1802 1230 via
1832 1156 1974 1229 visa
2004 1153 2422 1242 brevissima,
2458 1153 2761 1243 Thebai,

818 1275 1345 1376 virgineumque
1379 1273 1704 1349 Helicona
1737 1273 1951 1375 petit;
1990 1300 2127 1374 qno
2157 1290 2389 1347 monte
2420 1273 2637 1374 potita

824 1393 1149 1467 Constitit
1170 1449 1189 1479 ‚
1224 1410 1292 1466 et
1326 1391 1558 1466 doctas
1590 1392 1688 1464 sic
1719 1408 1821 1465 est
1853 1388 2071 1466 adfata
2105 1417 2415 1464 sorores:

2860 1412 2944 1468 2⁵5

826 1536 863 1573 «
904 1511 1102 1583 Fama
1134 1508 1292 1581 novi
1324 1506 1535 1580 fontis
1564 1524 1834 1581 nostras
1867 1504 2168 1606 pervenit
2201 1503 2286 1577 ad
2318 1531 2542 1593 aures3
2645 1548 2654 1563 ·

830 1658 866 1690 »
908 1625 1094 1698 Dura
1129 1622 1452 1697 Medusaei
1487 1650 1687 1723 quem
1717 1623 2029 1724 praepetis
2064 1619 2316 1718 ungula
2343 1621 2548 1723 rupit.

818 1841 868 1893 p.
894 1824 1009 1891 487,
1038 1842 1067 1876 e
1091 1841 1266 1875 saxosa
1291 1821 1498 1892 Seriphi
1529 1832 1718 1875 natura
1742 1841 1845 1875 ex·-

819 1901 974 1972 plicat
997 1920 1010 1954 2
1035 1908 1170 1957 Οὕτω
1191 1899 1237 1956 δ’
1253 1905 1353 1956 ἔστί
1368 1903 1602 1977 πιτῇὦὴς
1629 1906 1650 1963 ὅ
1673 1913 1808 1963 νῆσος
1825 1940 1840 1966 ,

823 1984 933 2039 ὦςτε
984 1983 1068 2034 ὖκό
1119 1992 1202 2040 τῖς
1247 1990 1362 2055 ropy

822 2064 964 2122 αὐτὴν
981 2061 1117 2129 φάσιν
1138 2065 1182 2115 οἱ
1200 2066 1532 2130 κωμῳδοῦντες.
1558 2056 1716 2128 Apud
1732 2059 1844 2129 Hy·

825 2138 931 2206 gin.
954 2137 1054 2189 sab.
1081 2137 1175 2203 273
1196 2176 1211 2202 ,
1248 2136 1337 2206 qui
1360 2135 1500 2189 haud
1524 2135 1681 2188 dubie
1708 2135 1843 2188 Εε-

819 2213 1033 2286 chylum
1048 2224 1301 2283 sequutus
1316 2225 1393 2268 est
1408 2254 1422 2282 ,
1451 2213 1750 2287 Polydectae
1760 2214 1845 2267 su-

822 2293 1013 2346 nebres
1036 2291 1184 2345 iudos
1210 2293 1433 2346 Perseus
1454 2292 1593 2345 facit.

888 2374 986 2424 250
999 2373 1156 2440 -678,
1178 2373 1442 2424 Musarum
1465 2375 1716 2440 colloquia
1730 2392 1842 2425 cum

820 2453 1053 2503 Pallade.
1072 2450 1266 2518 Panas,
1285 2451 1468 2504 relicto
1482 2452 1679 2505 Perseo
1698 2491 1713 2519 ,
1735 2452 1843 2505 He·

820 2527 1050 2581 liconem
1078 2528 1240 2597 petit,
1276 2527 1368 2581 ubi
1403 2529 1573 2581 Musa
1615 2529 1665 2582 ei
1703 2546 1842 2582 nar-

822 2617 974 2673 rant,
1012 2620 1081 2659 1⁰.
1098 2606 1207 2659 vim
1232 2646 1248 2673 ,
1281 2625 1442 2677 quam
1462 2607 1556 2661 sibi
1582 2608 1842 2677 paraverit

820 2687 1096 2755 Pyoeaeus‚
1132 2686 1397 2759 250-2933
1435 2699 1512 2739 2⁰.
1537 2696 1839 2754 certamen,

821 2762 964 2831 quod
986 2763 1081 2817 sibi
1104 2763 1266 2816 suerit
1288 2782 1410 2816 cum
1435 2767 1746 2828 Pe’eridibus,
1779 2784 1842 2818 ex

822 2857 929 2906 quo
961 2841 1142 2894 multo
1191 2840 1641 2911 metamorphoses
1681 2860 1841 2895 com—

821 2931 1236 2987 memorantur,
1280 2921 1530 2995 294-678.
1555 2947 1623 2960 —·
1650 2920 1844 2974 Narrat

821 3002 1270 3072 quemadmodum
1299 3004 1525 3074 Pegasus
1551 3021 1718 3071 equus
1731 3001 1838 3055 ala-

822 3089 905 3132 tus
930 3098 1036 3131 una
1060 3098 1183 3132 cum
1208 3078 1504 3152 Chrysaore
1527 3099 1563 3139 ‚e
1588 3079 1841 3149 sanguiue

821 3156 938 3209 colii
960 3155 1197 3210 Medusae
1211 3156 1489 3223 exsilierit,
1516 3167 1570 3210 et
1593 3157 1659 3209 ad
1677 3156 1840 3210 Heli-

818 3253 1010 3289 conem
1029 3274 1044 3301 ,
1082 3235 1298 3288 Boeotioe
1328 3246 1570 3289 montem
1589 3276 1604 3303 ,
1641 3255 1839 3306 perve—

819 3313 988 3379 nerit,
1014 3313 1102 3366 ubi
1125 3352 1140 3379 ,
1167 3331 1334 3381 quum
1348 3322 1545 3366 terram
1560 3314 1708 3384 pedis
1735 3334 1840 3367 un-

819 3391 939 3462 gula
963 3391 1297 3461 percussisset
1317 3431 1334 3457 ,
1369 3390 1504 3444 illico
1537 3392 1656 3446 sons
1681 3432 1697 3459 ,
1747 3392 1838 3462 qui

819 3467 953 3530 inex
986 3477 1086 3540 ἧνη,
1098 3470 1199 3525 hoc
1213 3469 1619 3538 est,Cabaliinus
1630 3473 1747 3525 sons
1760 3482 1839 3525 est

817 3567 947 3619 appe
989 3559 1101 3603 atus
1121 3589 1136 3615 ,
1161 3560 1374 3604 exortus
1391 3548 1546 3602 fuisse
1570 3566 1838 3601 memora-

815 3639 920 3682 tur.
947 3627 1030 3681 Ad
1056 3647 1182 3682 enm
1204 3629 1363 3699 igitur
1380 3626 1672 3681 videndum
1692 3667 1707 3695 ,
1736 3648 1836 3683 re·-

811 3705 934 3760 licto
982 3707 1208 3774 Perseo,
1252 3707 1420 3761 Paiias
1444 3708 1679 3776 prosecta
1710 3717 1830 3773 est,

814 3802 930 3853 quoe
954 3804 984 3837 a
1004 3784 1173 3838 Musis
1198 3796 1404 3854 accepta
1428 3804 1585 3854 quam
1603 3803 1833 3854 promp-

808 3864 1006 3918 tissime
1035 3863 1102 3917 ad
1126 3865 1300 3934 ipsum
1326 3865 1428 3918 suit
1463 3863 1705 3918 deducta.
1731 3862 1876 3918 Ed.

809 3969 876 3982 -—
890 3942 1178 4009 Aun'gena,
1199 3951 1489 4020 χρυςογενὴς,
1506 3946 1830 4019 χρυσὸτατρος,

811 4040 973 4090 quem
1002 4022 1216 4093 Jupiter
1248 4023 1304 4077 in
1330 4042 1519 4076 aurum
1550 4040 1832 4077 conversus

812 4112 1080 4168 genuerat.
1122 4101 1210 4156 Sic
1242 4105 1582 4169 draconigena
1610 4110 1664 4154 et
1696 4100 1828 4167 alia,

805 4196 923 4245 quae
948 4198 1104 4248 supra
1121 4180 1358 4251 legimus.
1381 4180 1656 4250 perplacet
1681 4180 1828 4234 Schi-

806 4255 985 4309 rachio
1022 4257 1123 4312 hoc
1158 4259 1428 4328 epitheton
1448 4298 1464 4327 ,
1503 4259 1647 4329 quod
1671 4259 1830 4313 nobi-

805 4333 913 4387 lem
956 4333 1145 4391 habeat
1186 4335 1470 4392 audaciam.
1500 4365 1569 4379 —
1589 4337 1655 4393 Sc
1690 4339 1834 4392 dem

1367 1984 1460 2039 ὄνος
1506 1990 1636 2035 τοῦτο
1688 1989 1863 2044 πειθὼ,

1941 1828 2170 1875 comitem
2221 1819 2520 1890 exquisitius
2535 1859 2551 1887 ,
2614 1838 2776 1889 quam
2798 1862 2814 1887 ,
2857 1821 2939 1873 fuit

1939 1918 2131 1954 comes.
2155 1901 2355 1952 Sedase
2366 1899 2511 1953 enim
2529 1900 2758 1953 omnino
2773 1899 2940 1953 dicun·

1941 1990 2029 2043 tur
2047 1980 2138 2048 qui
2162 1980 2423 2034 intersunt
2459 1989 2552 2032 aut
2590 1979 2785 2033 adsunt
2806 1979 2901 2032 aliis
2921 2019 2935 2044 ,

1940 2058 2004 2112 ad
2034 2079 2123 2113 eos
2145 2079 2201 2113 se
2241 2058 2602 2129 applicant—
2631 2061 2774 2111 Cam
2794 2062 2930 2120 ube,

1939 2146 2000 2189 ut
2014 2177 2029 2203 ,
2047 2137 2138 2206 qui
2151 2155 2342 2206 aquam
2360 2135 2742 2206 ingrediuntur
2757 2174 2773 2202 ,
2790 2154 2936 2189 cnm·

1937 2219 1996 2264 Ia
2010 2232 2146 2281 aqua
2158 2214 2465 2283 cinguntur,
2489 2212 2631 2283 apud
2646 2212 2910 2283 Virgilium
2920 2250 2934 2277 ,

1933 2287 2131 2361 Georg.
2161 2291 2263 2357 IV,
2301 2291 2414 2344 ³61.
2437 2318 2507 2333 -
2542 2292 2759 2360 Cythno.
2792 2288 2935 2344 MSS.

1935 2386 2141 2435 omnes,
2185 2372 2365 2440 Cypro.
2416 2369 2560 2439 Qum
2587 2368 2758 2423 insula
2789 2385 2936 2438 quum

1933 2458 2141 2501 remota
2165 2449 2321 2502 nimis
2355 2449 2421 2502 sit
2455 2469 2484 2502 a
2515 2449 2772 2519 Seripho,
2812 2447 2936 2501 varie

1934 2525 2039 2580 hoc
2066 2544 2264 2582 nomen
2292 2528 2356 2582 ab
2380 2528 2667 2581 editoribus
2691 2538 2938 2581 tentatum

1936 2615 2032 2657 est.
2068 2607 2264 2675 Cythno
2285 2607 2515 2659 correxit
2545 2605 2856 2674 Naugerius,
2895 2614 2944 2656 et

1931 2684 2008 2738 sic
2019 2683 2281 2738 Pianudes
2296 2684 2457 2739 habet
2471 2686 2525 2739 iu
2541 2685 2770 2754 Metaph.
2787 2683 2941 2737 Gra-

1931 2782 2006 2816 ca.
2053 2765 2280 2835 Cythnus
2318 2775 2375 2818 et
2419 2766 2623 2836 Gyam
2656 2783 2688 2818 e
2723 2781 2941 2817 numero

1939 2843 2236 2916 Cycladum
2251 2864 2349 2898 sun
2357 2854 2392 2899 t.

2001 2925 2112 2990 254.
2139 2926 2520 2992 Ve‘rgiuumqne
2531 2926 2812 2987 Helicona5
2835 2921 2939 2975 He-

1934 3001 2070 3056 licon
2095 3002 2404 3074 Virginibus
2420 3044 2435 3071 ,
2470 3003 2576 3057 sive
2594 3044 2610 3069 ,
2638 3004 2807 3057 Musis
2822 3020 2938 3055 con-

1934 3093 2164 3136 secratus
2191 3122 2206 3148 ,
2235 3101 2343 3152 quo
2369 3092 2610 3152 tempore
2632 3099 2814 3136 earum
2837 3078 2938 3133 cul-

1934 3170 2019 3215 tus
2040 3181 2071 3214 e
2108 3161 2333 3215 Thracia
2357 3163 2412 3215 in
2448 3162 2715 3215 Boeotiam
2737 3159 2935 3214 transiit.

1932 3264 2001 3281 ·-
2024 3242 2226 3292 Potilur
2247 3238 2362 3294 loco
2376 3280 2391 3307 ,
2413 3241 2504 3309 qui
2529 3258 2594 3293 eo
2611 3239 2864 3310 pervenit.
2880 3263 2937 3276 —

1933 3318 2137 3371 Sorores
2149 3328 2407 3372 vocantur
2433 3328 2485 3370 et
2502 3317 2683 3373 Furit
2701 3318 2799 3383 IV,
2821 3318 2938 3384 470,
2924 3333 2936 3347 ·

1932 3404 2087 3465 atque
2115 3397 2547 3463 Pamoe‚H01-at„
2575 3396 2669 3463 11,
2700 3411 2801 3462 ιιι,
2843 3397 2934 3452 ι5ς

1931 3472 2024 3527 sed
2051 3474 2222 3527 Musae
2242 3477 2403 3528 docte
2422 3492 2647 3537 sorores,
2676 3471 2814 3544 quod
2835 3468 2940 3539 epi-

1907 3551 2117 3606 ·theton
2163 3553 2226 3606 ab
2263 3554 2325 3608 iis
2358 3553 2425 3607 ad
2455 3565 2640 3623 poetas
2680 3554 2738 3607 in
2773 3547 2939 3623 primis

1931 3630 2244 3684 translatum
2269 3641 2363 3686 est.

1998 3707 2112 3760 2⁵6.
2146 3708 2491 3776 Norifontesse,
2535 3724 2702 3777 quem
2722 3726 2751 3759 a
2779 3706 2937 3759 soma

1933 3784 2300 3854 Hippocrenes
2331 3803 2535 3838 nomen
2565 3785 2818 3877 accepisse
2849 3800 2940 3853 pu-

1929 3871 2059 3915 tant.
2086 3861 2194 3915 sed
2225 3861 2602 3932 undecumque
2639 3863 2693 3917 ei
2729 3860 2940 3931 imposi-

1927 3941 2940 4034 tumsit,etymologieaejusinte1·pre·

1925 4019 2055 4072 tatio
2098 4020 2329 4074 fabulam
2376 4021 2712 4075 ministraw‘t.

1929 4098 2193 4153 Troezenii
2235 4119 2404 4169 quum
2445 4102 2658 4154 fontem
2691 4098 2940 4153 haherent

1926 4181 2329 4252 cognominem,
2353 4181 2605 4254 mythum
2629 4180 2695 4234 ad
2709 4199 2763 4234 se
2785 4189 2942 4232 traxe-

1925 4269 2070 4311 runt.
2095 4259 2406 4326 Pausanias,
2442 4259 2531 4326 11,
2568 4258 2649 4311 31.
2675 4256 2942 4308 -taea—

1924 4354 2058 4393 saus
2087 4358 2311 4408 praepes,
2356 4339 2587 4410 Pegasus
2626 4356 2658 4392 e
2689 4332 2937 4405 „aguam
