3217 5134
616 591 1642 661 METAMORPHOSEON
1698 596 1869 662 LIB.
1921 599 2059 665 VI.

2275 594 2408 688 459

285 729 469 829 Saepe
506 735 732 804 sorore
761 758 878 804 sua
898 786 917 819 ,
954 730 1213 826 magnis
1245 759 1448 832 super
1477 732 1699 805 omnia
1733 733 1943 807 Divis.

282 842 407 918 Illa
442 844 702 933 tremit;
738 844 920 920 velut
945 875 1117 942 agna
1141 875 1418 949 pavens,
1458 877 1605 949 quae
1641 850 1861 923 saucia
1895 850 2043 924 cani

285 962 426 1036 Ore
460 990 730 1037 excussa
763 962 949 1064 lupi,
984 963 1284 1038 nondum
1320 965 1452 1039 sibi
1490 982 1634 1038 tuta
1670 964 1974 1040 videtur:

281 1079 512 1177 thue
547 1077 858 1152 columba
878 1133 898 1165 ‚
936 1107 1059 1153 suo
1092 1078 1476 1154 madefactis
1509 1082 1829 1177 sanguine
1862 1080 2147 1182 plumis,

282 1194 537 1266 Horret
562 1192 810 1282 adhuc,
840 1194 1199 1297 avidosque
1229 1195 1416 1271 timet
1435 1196 1976 1299 quibushaeserat
2000 1225 2093 1272 un
2105 1223 2284 1292 gueS.
2318 1216 2417 1271 530

284 1311 455 1384 Mox
482 1310 604 1384 ubi
639 1337 824 1386 mens
858 1311 1092 1401 rediit,
1130 1341 1362 1414 passos
1403 1313 1647 1389 laniata
1682 1314 1992 1416 capillos,

282 1425 572 1523 Lugenti
603 1425 838 1502 similis
861 1482 880 1515 ‚
919 1429 1101 1503 caesis
1132 1428 1459 1530 plangore
1494 1429 1757 1504 lacertis
1779 1486 1798 1519 ‚

287 1545 650 1620 Intendens
682 1544 931 1647 palmas
960 1575 977 1619 ε
1015 1579 1049 1612 «
1081 1547 1216 1621 Pro
1250 1546 1412 1622 diris
1430 1602 1449 1633 ‚
1483 1545 1764 1621 barbare
1783 1602 1802 1633 ‚
1840 1545 2032 1620 sactis
2052 1604 2071 1637 ,

290 1697 327 1730 ³>
367 1664 500 1738 Pro
534 1661 820 1737 crudelis
842 1719 861 1750 ‚
892 1664 1020 1738 ait!
1053 1691 1176 1738 nec
1211 1681 1274 1738 te
1299 1662 1609 1738 mandata
1638 1663 1940 1765 parentis

288 1780 540 1854 »Cum
574 1778 876 1881 lacrymis
911 1809 1173 1856 movere
1204 1781 1379 1882 piis,
1414 1809 1539 1855 nec
1567 1808 1725 1854 cura
1760 1780 2047 1867 sororis,

2321 1802 2418 1856 535

290 1928 330 1962 2>
368 1897 506 1970 Nec
534 1926 676 1970 mea
710 1896 1055 1993 virginitas
1076 1953 1095 1984 ‚
1124 1925 1247 1971 nec
1283 1894 1731 1997 conjugialia
1708 1898 1904 1995 jura?

292 2045 329 2077 >
372 2009 618 2086 Omnia
653 2013 983 2087 turbasti:
968 2011 1231 2115 ·pellex
1260 2041 1387 2109 ego
1418 2012 1589 2087 sacta
1624 2012 1912 2099 sororis;

290 2168 328 2199 ›
368 2136 476 2208 Tu
510 2135 810 2230 geminus
843 2135 1120 2233 conjux,
1149 2164 1290 2209 non
1318 2136 1458 2209 haec
1492 2135 1661 2208 mihi
1691 2133 1916 2209 debita
1948 2160 2164 2235 poena.

292 2291 330 2322 »
371 2257 564 2355 Quin
590 2257 869 2331 animam
883 2256 1189 2346 hanc,ne
1210 2258 1391 2360 qnod
1408 2258 1667 2332 facinus
1693 2258 1850 2346 tibi,
1877 2255 2156 2359 perfide,
2182 2275 2414 2345 restet,

288 2414 328 2447 »
366 2380 646 2483 Eripis?
676 2399 876 2483 atque
908 2382 1163 2458 utinam
1196 2383 1464 2459 fecisses
1498 2401 1652 2459 ante
1684 2383 2007 2460 nefandos

2317 2403 2417 2473 540

291 2537 329 2568 »
372 2503 824 2579 Concubitus!
860 2532 1096 2590 vacuas
1128 2506 1509 2603 habuissem
1541 2506 1834 2581 criminis
1867 2506 2158 2581 umbras.

288 2742 449 2788 nem,
483 2732 538 2776 et
573 2721 768 2789 solam,
796 2733 852 2776 et
879 2723 979 2777 sibi
1012 2722 1301 2815 creditam!

288 2810 343 2853 et
375 2809 621 2869 patrem,
654 2817 925 2869 sororem,
974 2812 1029 2854 et
1062 2801 1304 2871 inprimis

288 2877 435 2933 Deos
452 2878 862 2949 implorantem,
892 2879 1101 2934 violare.
1139 2883 1241 2934 Ed.

352 2959 464 3024 527.
496 2960 647 3012 Velut
666 2973 803 3026 agna
820 2976 1040 3025 pavens,
1071 2969 1173 3013 etc.
1205 2958 1305 3011 Si-

287 3033 609 3088 militudines
634 3033 863 3088 delecte.
888 3062 955 3075 —
980 3036 1124 3088 Cani.
1165 3034 1303 3091 Vide

289 3113 355 3166 ael
380 3113 407 3167 Ι
423 3152 440 3179 ,
480 3114 592 3168 1138.

355 3192 469 3245 532.
504 3193 729 3260 luenti
745 3229 807 3246 ....
832 3195 1063 3255 Ias-erlis,
1097 3190 1309 3261 ineptus

286 3287 497 3335 vernis,
528 3288 688 3338 quem
716 3269 967 3323 Heinsius
987 3279 1128 3323 recte
1151 3269 1305 3338 judi-

285 3357 371 3402 cat
407 3347 797 3413 adulterinum3
831 3348 925 3402 sed
950 3367 1062 3418 sqq.
1103 3351 1205 3404 ΡΜ
1226 3352 1306 3402 dc·-

285 3431 389 3488 κίε,
426 3436 525 3480 etc.
546 3446 672 3481 sana
702 3437 844 3498 puto.
872 3427 1131 3480 Invidiose
1157 3426 1304 3480 enim

287 3507 499 3556 barbari
507 3505 818 3560 vocabulum
828 3504 913 3558 hic
924 3503 1213 3558 adhibitum
1231 3522 1307 3558 es·

287 3600 365 3648 se,
378 3593 563 3651 sponte
579 3593 807 3653 appwet.
824 3583 986 3636 Recte
1009 3581 1167 3652 igitur
1183 3579 1306 3634 addi

286 3660 461 3727 potuit
480 3662 607 3713 din&
618 3659 802 3727 sacm-
832 3659 1087 3713 Heinsius
1123 3669 1306 3712 tamen

285 3735 533 3791 suadebat
558 3739 827 3806 dirisacle'.

356 3814 468 3883 537.
506 3816 772 3879 Iarbas-li,
800 3814 1035 3882 violasti,
1061 3814 1305 3884 polluisti.

288 3888 413 3943 Vid-
432 3891 513 3943 vit·
528 3890 713 3947 doctus
725 3893 780 3947 in
797 3892 931 3946 Bibl.
949 3891 1132 3962 Tigur.
1147 3911 1200 3962 p.
1216 3912 1302 3965 91,

291 3967 384 4035 qui
402 3978 553 4037 putat
575 3969 829 4022 Nostrum
850 3969 1128 4038 respexisse
1160 3969 1304 4040 vii-g.

289 4043 506 4097 AEneid.
545 4045 655 4113 lv,
681 4047 775 4100 362
804 4066 916 4117 sqq.
938 4074 1006 4086 --
1028 4046 1170 4100 Cum
1201 4067 1305 4115 ge-

288 4129 424 4178 mino
437 4125 650 4194 conjuge
666 4126 915 4180 Heinsius
933 4135 1203 4196 comparat
1218 4130 1304 4180 du·

282 4207 446 4270 plices
476 4206 729 4258 Ihalamos
750 4244 769 4271 ,
806 4203 945 4274 apud
968 4204 1101 4260 Stat.
1134 4205 1303 4260 Theb.

293 4281 402 4336 xll
421 4321 438 4351 ,
461 4284 553 4354 471
577 4282 696 4348 ned
713 4281 811 4336 11.1.
833 4283 890 4336 in
903 4303 1111 4338 summa
1127 4284 1306 4355 despe-

292 4360 644 4432 rationejusto
655 4363 887 4435 argutius
908 4362 1123 4422 dictum.
1132 4365 1305 4422 Porro

1401 2725 1653 2780 Heinsius
1687 2735 1836 2794 putat
1858 2764 1875 2792 ,
1918 2726 2141 2778 alterum
2172 2724 2418 2779 hemisti-

1399 2802 1609 2868 chium,
1635 2821 1736 2855 aeon
1762 2805 1869 2854 bec
1902 2842 1940 2856 ..
1962 2821 2173 2868 ..pena
2205 2820 2234 2854 a
2259 2801 2417 2855 sciolo

1401 2878 1686 2945 additum,
1727 2889 1782 2931 et
1816 2878 2059 2931 lacunam
2092 2897 2202 2931 esse
2241 2879 2417 2932 relin—

1402 2954 1697 3024 quendam,
1721 2954 1898 3022 quales
1923 2954 2104 3008 multe
2126 2954 2261 3023 apud
2291 2955 2419 3008 Vin-

1404 3031 1585 3101 gilium
1606 3040 1902 3086 occurs-ant.
1927 3031 2040 3085 Nec
2059 3030 2189 3083 mihi
2205 3031 2289 3084 illa
2307 3051 2418 3085 ver·

1402 3109 1468 3162 ba
1480 3127 1801 3180 magnopere
1816 3108 2040 3178 placent,
2057 3109 2248 3179 quippe
2260 3109 2419 3163 nimis

1402 3186 1647 3257 languida
1667 3186 1720 3240 h.
1743 3186 1776 3241 1.
1805 3187 1896 3240 ubi
1919 3186 2164 3257 pleraque
2181 3187 2420 3242 animum

1401 3263 1876 3318 commotissimum
1896 3264 2111 3334 spiram.
2135 3263 2306 3334 Negat
2329 3274 2420 3317 ta-

1401 3362 1528 3398 men
1546 3343 1891 3402 Burmannus
1919 3342 2178 3400 Ovidium
2209 3344 2418 3400 lacunas

1401 3424 1670 3494 reliquisse
1690 3465 1706 3492 ,
1747 3434 1998 3496 putatque
2027 3464 2044 3492 ,
2078 3443 2291 3479 sensum
2311 3424 2423 3479 ele-

1402 3515 1618 3575 gantem
1640 3504 1778 3559 effici
1796 3543 1813 3572 ,
1841 3503 1884 3558 si
1915 3502 2149 3574 legatur,
2181 3521 2282 3556 nou
2315 3506 2422 3557 hcc

1400 3585 1738 3636 summme
1760 3599 1916 3649 ponc
1930 3621 1946 3644 ‚
1973 3590 2034 3634 ut
2047 3598 2203 3647 pena
2232 3581 2300 3635 sit
2321 3600 2420 3635 ca-

1402 3659 1606 3714 lamitas
1625 3699 1640 3726 ,
1680 3659 1905 3712 miseria.

1467 3742 1581 3813 539.
1602 3742 1786 3803 Hauc,
1813 3749 1924 3794 tam
1949 3739 2195 3793 miseram
2213 3777 2229 3806 ,
2260 3757 2420 3809 quam

1402 3819 1560 3875 tedet
1571 3819 1926 3873 vita—Hanc
1939 3837 2048 3872 non
2070 3818 2424 3874 habetnoster

1408 3897 1685 3964 CodexB3
1713 3909 1768 3954 et
1791 3898 1947 3952 multi
1976 3899 2294 3968 interpretes
2317 3898 2416 3952 de-

1400 3977 1660 4032 leverunt.
1694 3977 1804 4032 sed
1832 3997 1893 4032 ea
1913 3997 2048 4045 vox,
2087 3978 2292 4048 gravius
2317 3997 2416 4033 so-

1400 4073 1535 4109 nans
1556 4073 1707 4108 more
1732 4055 2057 4126 virgiliano,
2085 4066 2306 4126 prnstat.
2318 4058 2418 4109 Ed.

1399 4158 1467 4170 -—
1488 4134 1692 4184 Vacuus
1707 4141 1804 4186 etc„
1827 4132 2019 4187 Sancta
2037 4132 2416 4188 descendissem

1402 4207 1469 4261 ad
1492 4208 1707 4263 inferos.
1746 4211 1821 4264 At
1851 4210 1935 4264 illa
1957 4211 2030 4266 sic
2058 4229 2267 4281 quoque
2304 4211 2420 4266 cri-

1400 4286 1559 4343 minis
1604 4306 1767 4342 vacua
1804 4298 1951 4354 erat;
1990 4288 2417 4360 quandoquidem

1402 4364 1576 4419 anima
1600 4374 1778 4435 peceat
1798 4405 1815 4436 ,
1843 4383 1956 4422 non
1989 4385 2191 4437 corpus.
