3217 5134
596 532 1636 606 METAMORPHOSEON
1681 539 1881 608 LIB.
1935 542 2026 611 V.

244 674 495 749 Nititur
520 672 635 750 ille
670 674 937 777 quidem
954 731 974 764 ,
1002 694 1396 778 pugnatque
1429 706 1772 777 resurgere
1807 708 1979 783 saepe
2009 710 2028 769 3

243 792 491 869 Dextra
523 793 643 867 sed
674 793 982 868 Ausonio
1018 820 1255 868 manus
1293 812 1398 868 est
1428 795 1729 895 subjecta
1762 795 2003 872 Peloro
2032 828 2050 888 ;

245 910 464 997 Laeva,
494 904 802 1008 Pachyne
820 963 841 996 ,
878 906 1046 995 tibi;
1079 906 1379 1009 Lilybaeo
1412 937 1603 985 crura
1633 929 2029 1011 premuntur
2055 944 2076 1004 ;

251 1025 582 1120 Degravat
611 1021 817 1096 AEtna
847 1039 1094 1124 caput;
1131 1022 1258 1098 sub
1299 1052 1428 1125 qua
1458 1027 1816 1127 resupinus
1848 1057 2078 1104 arenas

2241 543 2372 619 385

2279 823 2380 878 350

244 1139 528 1239 Ejectat,
558 1136 1019 1238 flammamque
1054 1137 1196 1214 fero
1228 1141 1442 1214 vomit
1471 1169 1585 1216 ore
1620 1143 2005 1245 Typhoeus,

247 1255 426 1356 Saepe
460 1252 753 1328 remoliri
787 1252 1080 1341 luctatur
1109 1255 1423 1356 pondera·
1447 1274 1637 1332 terrae
1662 1315 1681 1348 ,

249 1369 686 1471 oppidaque,
723 1387 793 1445 et
821 1398 1103 1468 magnos
1138 1370 1433 1447 evolvere
1464 1402 1745 1475 corpore
1779 1392 2061 1452 monteS.

2280 1399 2383 1455 355

247 1488 408 1564 Inde
443 1487 667 1565 tremit
708 1485 945 1576 tellus3
982 1504 1050 1563 et
1076 1516 1192 1562 rex
1217 1505 1415 1589 pavet
1442 1490 1587 1592 ipse
1613 1489 1959 1583 silentum,

247 1606 346 1678 Ne
377 1620 637 1705 pateat,
675 1602 944 1705 latoque
975 1602 1198 1678 solum
1230 1623 1566 1700 retegatur
1597 1605 1826 1697 hiatu,

245 1721 719 1822 Immissusque
752 1719 893 1796 dies
926 1721 1336 1823 trepidantes
1370 1739 1610 1797 terreat
1643 1725 1939 1799 umbras.

247 1838 434 1911 Hanc
466 1853 766 1911 metuens
798 1835 1050 1911 cladem
1084 1836 1445 1911 tenebrosa
1477 1836 1632 1910 sede
1669 1854 1988 1937 tyrannus

247 1954 558 2043 Exierat3
599 1980 930 2053 curruque
963 1969 1261 2026 atrorum
1293 1969 1520 2025 vectus
1553 1980 1915 2053 equorum,

2289 1980 2389 2032 360

250 2070 577 2145 Ambibat
612 2068 851 2143 Siculae
879 2084 1111 2141 cautus
1144 2065 1534 2141 fundamina
1562 2083 1769 2141 terrae.

247 2279 413 2334 nostri
448 2276 675 2331 Codices
696 2275 894 2329 babent
921 2293 1148 2342 sper-m,
1185 2273 1272 2329 cui

245 2353 571 2425 praetulerim
592 2351 875 2406 lectionem
896 2349 1119 2419 Heinsii.
1140 2352 1242 2403 Ed.

311 2436 428 2506 349.
458 2434 656 2485 mmm
672 2434 761 2483 ille
780 2434 994 2499 quidem.
1033 2430 1155 2483 Hoc
1176 2428 1272 2482 id-

243 2512 385 2568 circo
430 2509 651 2579 fingitur
669 2548 685 2575 ,
730 2507 853 2576 quia
894 2506 1072 2561 Sicilia
1115 2517 1270 2561 terre

242 2587 476 2643 motibus
499 2603 865 2655 sepenumero
883 2582 1133 2654 quatitur.
1167 2586 1270 2637 Ed.

245 2667 623 2733 -Pugnatqua
643 2661 826 2716 Codex
844 2662 1039 2732 Regius
1055 2661 1105 2716 A
1123 2702 1138 2729 ,
1162 2668 1270 2715 ten·

241 2752 427 2814 totque.
444 2770 513 2783 —
525 2745 728 2797 Dextra
747 2743 845 2794 sed
860 2752 957 2794 etc.
982 2740 1123 2795 Nota
1142 2749 1270 2795 sunt

244 2822 361 2877 hac
388 2822 490 2875 tria
533 2819 723 2874 siciliae
755 2818 1153 2889 promontoria,
1200 2816 1267 2870 de

245 2900 434 2972 quibus
460 2898 580 2953 vide
607 2897 884 2953 Claudian.
911 2897 1067 2966 Rapt.
1089 2898 1143 2963 1,
1176 2900 1265 2964 ¹47

244 3000 355 3051 sqq.
394 3008 463 3022 —
498 2981 730 3032 Pelorum
774 2973 969 3046 (Capo
1006 2971 1267 3044 Pelorus)

245 3057 512 3111 orientem
527 3064 725 3125 spectat
739 3092 755 3120 ,
778 3054 1070 3121 Pachynum
1093 3046 1269 3118 (Capo

246 3137 491 3201 Passero)
506 3132 807 3199 meridiem,
824 3132 1097 3203 La’lybaeum
1107 3127 1265 3200 (Cap.

247 3213 511 3279 Mat-sala)
536 3210 1259 3270 occidentem—Ausoniam,

245 3292 504 3348 Ausonia
517 3310 612 3346 seu
627 3288 788 3343 Italia
802 3287 1048 3341 vicmum.
1060 3288 1274 3339 —Poe-

247 3376 468 3425 uantur.
504 3368 791 3421 Vaticanus
825 3374 881 3419 et
910 3383 1050 3418 unus
1083 3362 1276 3418 Medi-

244 3469 375 3505 cens
387 3487 403 3514 ,
418 3453 659 3500 leuentur.
676 3443 829 3513 Regii
845 3442 1012 3496 nostri
1025 3482 1040 3508 ,
1048 3461 1277 3510 premun-

248 3534 350 3589 tur,
376 3523 522 3594 quod
546 3520 865 3577 servandum
882 3538 1086 3574 censeo.
1110 3520 1211 3571 Ed.

313 3603 434 3658 353.
447 3604 822 3668 flammamque
838 3603 996 3651 wmit
1002 3599 1276 3667 Typhoeus.

251 3681 549 3752 Quotquot
572 3678 765 3748 ubique
788 3687 1025 3742 montes,
1054 3686 1146 3729 aut
1177 3673 1277 3728 loci

246 3759 453 3815 marini
487 3766 731 3812 eructant
757 3752 1032 3821 incendia,
1066 3764 1157 3807 aut
1178 3772 1278 3806 re-

246 3841 504 3914 pentibus
526 3838 737 3893 flatibus
752 3876 769 3905 ,
794 3836 883 3906 qui
897 3845 1152 3889 vocantur
1174 3837 1281 3906 Ts-

236 3921 446 3988 phones
466 3957 481 3981 ‚
519 3927 573 3970 et
610 3926 767 3971 terre
805 3914 1033 3982 motibus
1071 3931 1278 3966 concu-

240 4000 491 4063 tiuntur,
517 3997 752 4065 Typhoeo
770 3993 962 4061 injecta
984 3989 1278 4059 finguntur.

251 4076 484 4131 Confer.
524 4071 738 4127 AEneid.
778 4073 834 4126 11
864 4092 878 4134 3
916 4067 1192 4123 Claudian.
1212 4068 1281 4122 de

247 4152 443 4223 Rapta
456 4150 806 4220 Proserpiuoe,
825 4149 852 4203 1
868 4170 882 4211 ς
897 4148 1111 4213 Noster,
1129 4144 1282 4200 XIV.

244 4230 668 4283 Ed.-Evoleere
685 4224 870 4280 maluit
890 4224 1168 4288 Heinsius,
1187 4238 1284 4291 pro

245 4312 515 4369 devolvere
528 4349 544 4373 ,
571 4307 717 4379 quod
737 4305 866 4363 dant
886 4303 1043 4376 Regii
1067 4301 1248 4359 nostri.

452 4409 613 4477 III.

1431 2274 1546 2328 356.
1578 2276 1707 2327 Inde
1739 2280 1908 2330 tremit
1937 2278 2103 2329 lellus.
2148 2276 2237 2332 Sic
2274 2275 2390 2351 Ty-

1365 2351 1524 2421 phoci
1543 2363 1720 2406 motus
1730 2351 1792 2406 fit
1810 2372 1961 2407 causa
1979 2354 2275 2424 probabilis,
2292 2375 2391 2410 cur

1368 2428 1527 2484 Pluto
1551 2449 1580 2483 e
1600 2429 1725 2483 sede
1749 2448 1842 2484 sua
1865 2432 2048 2485 exierit
2081 2431 2148 2486 ad
2171 2452 2385 2503 superas

1366 2526 1515 2561 auras
1532 2548 1548 2575 ,
1582 2507 1964 2579 Cupidinisque
1985 2509 2097 2563 telis
2122 2511 2390 2565 vulnerari

1365 2585 1596 2654 potuerit
1614 2586 1624 2638 !
1644 2586 1931 2655 Sequentia
1947 2606 2183 2657 expressa
2198 2608 2260 2642 ex
2278 2591 2391 2643 Ho-

1364 2662 1499 2716 meri
1533 2663 1593 2719 ll.
1623 2673 1687 2730 Υ,
1711 2665 1771 2749 (3’1
1803 2684 1817 2717 t
1841 2658 2069 2720 tirsum
2094 2665 2140 2719 δ’
2169 2671 2391 2739 ὖτίνερθιν

1367 2744 1483 2808 ἅναξ
1515 2744 1671 2810 ι’νὲρων
1719 2749 1951 2805 Adtende
2079 2751 2147 2810 μὴ
2172 2749 2217 2798 οἱ
2241 2751 2393 2819 {rupee

1369 2827 1516 2872 Γαῖαν
1540 2819 1806 2894 ἄνοῴῥῆξειε
1826 2820 2089 2874 Ποσειδάων
2110 2822 2355 2889 ε’νοσίχθων
2374 2862 2394 2890 ,

1366 2903 1512 2953 Οἰκία
1534 2903 1813 2959 &farm-0102
1832 2905 1911 2950 καὶ
1927 2898 2192 2954 ἀθανάτοισι
2218 2910 2393 2971 φανείη.

1371 2971 1557 3041 Quem
1582 2973 1758 3027 locum
1775 2973 2117 3042 magnificum
2136 3015 2151 3042 ,
2172 2986 2227 3030 et
2243 2977 2392 3031 Lon-

1368 3050 1494 3120 gino
1510 3088 1527 3116 ,
1549 3070 1584 3123 9
1599 3089 1616 3115 ,
1641 3049 1914 3104 laudatum
1929 3090 1944 3117 ,
1960 3054 2208 3121 expressit
2230 3055 2393 3109 etiam

1371 3130 1560 3200 virgil.
1584 3128 1799 3185 AEneid.
1822 3129 1959 3185 VIII
1975 3170 1990 3197 ,
2013 3133 2138 3201 243,
2163 3133 2254 3188 sed
2271 3144 2392 3189 tan-

1370 3216 1488 3261 tum
1508 3208 1566 3261 in
1589 3206 1946 3263 similitudine.
1975 3207 2179 3264 Verum
2197 3211 2249 3266 h.
2273 3213 2307 3267 l.
2326 3225 2388 3268 ut

1371 3284 1512 3356 apud
1525 3286 1855 3353 Homerum,
1877 3306 2030 3342 verus
2054 3288 2297 3343 Plutonis
2321 3291 2392 3345 ti-

1372 3383 1494 3418 mor
1512 3363 1820 3420 declaratur.
1840 3366 1950 3421 Sed
1971 3368 2128 3420 verba
2150 3369 2312 3438 petita
2331 3390 2393 3423 ex

1369 3442 1462 3495 illo
1476 3443 1681 3513 Virgilii
1692 3484 1707 3506 ‚
1724 3446 2063 3511 trepidatque
2073 3450 2299 3498 immeleso
2311 3450 2397 3499 lu·-

1371 3526 1503 3574 nn‘ue
1524 3522 1728 3575 Manes.
1748 3546 1816 3561 —-
1833 3522 2047 3574 Silentes
2061 3521 2278 3591 simplici
2285 3533 2391 3591 ter,

1370 3598 1665 3649 mortui.—
1674 3598 1863 3649 Pateat
1874 3637 1888 3658 ,
1915 3607 2156 3665 patescat.
2166 3602 2391 3666 -Dies,

1371 3674 1473 3727 lux.
1490 3702 1559 3716 —
1579 3677 1909 3743 TrepiAantcs
1931 3683 2136 3741 terreat,
2164 3687 2361 3734 terreat
2374 3721 2391 3749 ,

1373 3765 1435 3809 ut
1456 3755 1738 3825 trepident.

1439 3833 1551 3886 360.
1570 3834 1709 3885 Atra
1730 3832 1908 3885 omnia
1925 3871 1940 3899 ,
1969 3852 2085 3903 quae
2108 3833 2175 3888 ad
2199 3835 2395 3890 inferos

1373 3909 1658 3978 pertinent.
1672 3916 1985 3988 Κυανότμχας
2010 3919 2166 3971 ἵππους
2178 3913 2396 3966 Plutoni

1377 3987 1465 4041 dat
1474 3989 1633 4042 etiam
1644 3988 1892 4058 Orpheus
1905 4011 1920 4055 ς
1934 3995 2168 4044 ceruleas
2181 3991 2394 4060 Noster,

1376 4066 1512 4120 Fast.
1532 4065 1583 4119 d.
1608 4066 1642 4119 Ι.
1662 4093 1730 4109 —-
1751 4070 2002 4135 Equorum
2036 4069 2250 4123 illorum
2282 4088 2394 4123 no-

1375 4147 1523 4199 mina
1538 4144 1698 4200 habet
1724 4144 2000 4202 Claudian.
2028 4148 2093 4204 R.
2117 4151 2174 4217 1,
2204 4151 2397 4203 282.—

1377 4224 1647 4289 Ambibat,
1667 4235 1727 4279 ut
1739 4225 1951 4295 Jupiter
1966 4226 2161 4301 moepia
2174 4228 2362 4282 mundi
2379 4268 2395 4298 ,

1381 4301 1471 4371 11,
1496 4305 1611 4370 40..

1941 4408 2023 4474 25
