<?xml version="1.0" encoding="UTF-8"?>
<!DOCTYPE html PUBLIC "-//W3C//DTD XHTML 1.0 Transitional//EN"
    "http://www.w3.org/TR/xhtml1/DTD/xhtml1-transitional.dtd">
<html xmlns="http://www.w3.org/1999/xhtml" xml:lang="en" lang="en">
 <head>
  <title>
</title>
<meta http-equiv="Content-Type" content="text/html;charset=utf-8" />
  <meta name='ocr-system' content='tesseract 3.04.00' />
  <meta name='ocr-capabilities' content='ocr_page ocr_carea ocr_par ocr_line ocrx_word'/>
</head>
<body>
  <div class='ocr_page' id='page_1' title='image "./publiusovidiusn01giergoog_0033.png"; bbox 0 0 3217 5134; ppageno 0'>
   <div class='ocr_carea' id='block_1_1' title="bbox 288 568 2451 1481">
    <p class='ocr_par' dir='ltr' id='par_1_1' title="bbox 288 568 2451 1481">
     <span class='ocr_line' id='line_1_1' title="bbox 539 568 2442 646; baseline 0.004 -7"><span class='ocrx_word' id='word_1_1' title='bbox 539 573 673 640; x_wconf 90' lang='lat' dir='ltr'><strong>DE</strong></span> <span class='ocrx_word' id='word_1_2' title='bbox 735 571 1080 639; x_wconf 88' lang='lat' dir='ltr'><strong>OPERE</strong></span> <span class='ocrx_word' id='word_1_3' title='bbox 1145 568 2207 642; x_wconf 84' lang='lat' dir='ltr'><strong>METAMORPHOSEON.</strong></span> <span class='ocrx_word' id='word_1_4' title='bbox 2404 580 2442 646; x_wconf 80' lang='grc'><strong>3</strong></span> 
     </span>
     <span class='ocr_line' id='line_1_2' title="bbox 288 702 2444 816; baseline 0.002 -29"><span class='ocrx_word' id='word_1_5' title='bbox 288 730 442 787; x_wconf 83' lang='lat' dir='ltr'><strong>aetas</strong></span> <span class='ocrx_word' id='word_1_6' title='bbox 459 713 733 801; x_wconf 89' lang='lat' dir='ltr'><strong>incerta,</strong></span> <span class='ocrx_word' id='word_1_7' title='bbox 752 711 1023 812; x_wconf 82' lang='lat' dir='ltr'>scripsit</span> <span class='ocrx_word' id='word_1_8' title='bbox 1040 702 1331 810; x_wconf 77' lang='grc' dir='ltr'><em>Ετεροίων</em></span> <span class='ocrx_word' id='word_1_9' title='bbox 1350 715 1618 804; x_wconf 73' lang='grc' dir='ltr'><strong>βὲὅλους,</strong></span> <span class='ocrx_word' id='word_1_10' title='bbox 1629 708 2038 788; x_wconf 66' lang='lat' dir='ltr'><em>Callisthenes</em></span> <span class='ocrx_word' id='word_1_11' title='bbox 2051 714 2444 816; x_wconf 80' lang='lat' dir='ltr'><strong>Olynthius,</strong></span> 
     </span>
     <span class='ocr_line' id='line_1_3' title="bbox 289 844 2444 952; baseline 0.001 -29"><span class='ocrx_word' id='word_1_12' title='bbox 289 847 677 924; x_wconf 82' lang='lat' dir='ltr'><strong>Aristotelis</strong></span> <span class='ocrx_word' id='word_1_13' title='bbox 712 844 1021 935; x_wconf 84' lang='lat' dir='ltr'>auditor,</span> <span class='ocrx_word' id='word_1_14' title='bbox 1068 855 1609 947; x_wconf 70' lang='grc' dir='ltr'>Μεταμορφώσεις,</span> <span class='ocrx_word' id='word_1_15' title='bbox 1652 846 2012 947; x_wconf 49' lang='lat' dir='ltr'><strong>sinagonus</strong></span> <span class='ocrx_word' id='word_1_16' title='bbox 2058 848 2402 952; x_wconf 81' lang='lat' dir='ltr'><strong>Carystius</strong></span> <span class='ocrx_word' id='word_1_17' title='bbox 2426 909 2444 941; x_wconf 93' lang='lat'><strong>,</strong></span> 
     </span>
     <span class='ocr_line' id='line_1_4' title="bbox 293 968 2449 1081; baseline 0.002 -28"><span class='ocrx_word' id='word_1_18' title='bbox 293 997 589 1081; x_wconf 83' lang='lat' dir='ltr'><strong>tempore</strong></span> <span class='ocrx_word' id='word_1_19' title='bbox 625 976 968 1053; x_wconf 74' lang='lat' dir='ltr'><strong>Ptolemaei</strong></span> <span class='ocrx_word' id='word_1_20' title='bbox 1018 977 1485 1080; x_wconf 85' lang='lat' dir='ltr'><strong>Philadelphi,</strong></span> <span class='ocrx_word' id='word_1_21' title='bbox 1535 968 1922 1069; x_wconf 78' lang='grc' dir='ltr'>Ᾰλλοιώσεις,</span> <span class='ocrx_word' id='word_1_22' title='bbox 1951 981 2280 1055; x_wconf 79' lang='lat' dir='ltr'><strong>Nicander</strong></span> <span class='ocrx_word' id='word_1_23' title='bbox 2319 985 2449 1057; x_wconf 82' lang='lat' dir='ltr'><strong>At-</strong></span> 
     </span>
     <span class='ocr_line' id='line_1_5' title="bbox 294 1104 2444 1215; baseline 0 -30"><span class='ocrx_word' id='word_1_24' title='bbox 294 1111 426 1186; x_wconf 85' lang='lat' dir='ltr'><strong>talo</strong></span> <span class='ocrx_word' id='word_1_25' title='bbox 465 1116 533 1187; x_wconf 87' lang='grc' dir='ltr'><strong>ΙΙ</strong></span> <span class='ocrx_word' id='word_1_26' title='bbox 570 1111 841 1214; x_wconf 68' lang='lat' dir='ltr'><strong>aequalis</strong></span> <span class='ocrx_word' id='word_1_27' title='bbox 884 1104 1313 1212; x_wconf 79' lang='grc' dir='ltr'>Ετεροιούμενα</span> <span class='ocrx_word' id='word_1_28' title='bbox 1335 1169 1354 1201; x_wconf 91' lang='grc'>,</span> <span class='ocrx_word' id='word_1_29' title='bbox 1405 1131 1473 1188; x_wconf 90' lang='lat' dir='ltr'><strong>et</strong></span> <span class='ocrx_word' id='word_1_30' title='bbox 1497 1112 1872 1189; x_wconf 58' lang='lat' dir='ltr'><strong>Parthenius</strong></span> <span class='ocrx_word' id='word_1_31' title='bbox 1921 1121 2444 1215; x_wconf 80' lang='grc' dir='ltr'><strong>Μεταμορφώσεις.</strong></span> 
     </span>
     <span class='ocr_line' id='line_1_6' title="bbox 293 1240 2447 1347; baseline 0.002 -28"><span class='ocrx_word' id='word_1_32' title='bbox 293 1247 506 1319; x_wconf 83' lang='lat' dir='ltr'>Erant</span> <span class='ocrx_word' id='word_1_33' title='bbox 558 1245 756 1319; x_wconf 84' lang='lat' dir='ltr'><strong>etiam</strong></span> <span class='ocrx_word' id='word_1_34' title='bbox 777 1301 794 1335; x_wconf 92' lang='lat'><strong>,</strong></span> <span class='ocrx_word' id='word_1_35' title='bbox 836 1246 955 1347; x_wconf 89' lang='lat' dir='ltr'><strong>qui</strong></span> <span class='ocrx_word' id='word_1_36' title='bbox 1014 1264 1266 1320; x_wconf 88' lang='lat' dir='ltr'><strong>certum</strong></span> <span class='ocrx_word' id='word_1_37' title='bbox 1325 1245 1456 1319; x_wconf 83' lang='lat' dir='ltr'>sibi</span> <span class='ocrx_word' id='word_1_38' title='bbox 1512 1240 2175 1321; x_wconf 77' lang='lat' dir='ltr'><strong>transformationum</strong></span> <span class='ocrx_word' id='word_1_39' title='bbox 2237 1277 2447 1343; x_wconf 83' lang='lat' dir='ltr'><strong>genus</strong></span> 
     </span>
     <span class='ocr_line' id='line_1_7' title="bbox 296 1378 2451 1481; baseline 0 -27"><span class='ocrx_word' id='word_1_40' title='bbox 296 1378 737 1455; x_wconf 77' lang='lat' dir='ltr'><strong>enarrandum</strong></span> <span class='ocrx_word' id='word_1_41' title='bbox 774 1398 1153 1467; x_wconf 81' lang='lat' dir='ltr'><strong>sumerent,</strong></span> <span class='ocrx_word' id='word_1_42' title='bbox 1218 1378 1288 1452; x_wconf 92' lang='lat' dir='ltr'><strong>in</strong></span> <span class='ocrx_word' id='word_1_43' title='bbox 1318 1380 1569 1481; x_wconf 86' lang='lat' dir='ltr'><strong>quibus</strong></span> <span class='ocrx_word' id='word_1_44' title='bbox 1605 1379 1863 1467; x_wconf 80' lang='lat' dir='ltr'><strong>Boeus,</strong></span> <span class='ocrx_word' id='word_1_45' title='bbox 1928 1380 2117 1480; x_wconf 86' lang='lat' dir='ltr'><strong>cujus</strong></span> <span class='ocrx_word' id='word_1_46' title='bbox 2147 1381 2451 1455; x_wconf 85' lang='lat' dir='ltr'><strong>ornitho-</strong></span> 
     </span>
    </p>
   </div>
   <div class='ocr_carea' id='block_1_2' title="bbox 298 1511 2568 1610">
    <p class='ocr_par' dir='ltr' id='par_1_2' title="bbox 298 1511 2568 1610">
     <span class='ocr_line' id='line_1_8' title="bbox 298 1511 2568 1610; baseline 0.001 -23"><span class='ocrx_word' id='word_1_47' title='bbox 298 1513 497 1610; x_wconf 83' lang='lat' dir='ltr'><strong>gonia</strong></span> <span class='ocrx_word' id='word_1_48' title='bbox 532 1511 605 1584; x_wconf 90' lang='lat' dir='ltr'><strong>id</strong></span> <span class='ocrx_word' id='word_1_49' title='bbox 637 1512 910 1607; x_wconf 80' lang='lat' dir='ltr'><strong>agebat,</strong></span> <span class='ocrx_word' id='word_1_50' title='bbox 949 1531 1033 1587; x_wconf 85' lang='lat' dir='ltr'><strong>nt·</strong></span> <span class='ocrx_word' id='word_1_51' title='bbox 1061 1541 1211 1587; x_wconf 78' lang='lat' dir='ltr'><strong>aves</strong></span> <span class='ocrx_word' id='word_1_52' title='bbox 1249 1541 1481 1588; x_wconf 87' lang='lat' dir='ltr'><strong>omnes</strong></span> <span class='ocrx_word' id='word_1_53' title='bbox 1514 1513 1722 1589; x_wconf 85' lang='lat' dir='ltr'><strong>factas</strong></span> <span class='ocrx_word' id='word_1_54' title='bbox 1765 1542 1910 1589; x_wconf 89' lang='lat' dir='ltr'><strong>esse</strong></span> <span class='ocrx_word' id='word_1_55' title='bbox 1945 1542 2023 1590; x_wconf 83' lang='lat' dir='ltr'><strong>ex</strong></span> <span class='ocrx_word' id='word_1_56' title='bbox 2059 1514 2449 1590; x_wconf 86' lang='lat' dir='ltr'><strong>hominibus</strong></span> <span class='ocrx_word' id='word_1_57' title='bbox 2561 1528 2568 1539; x_wconf 86' lang='grc'><em>“</em></span> 
     </span>
    </p>
   </div>
   <div class='ocr_carea' id='block_1_3' title="bbox 297 1643 2462 4130">
    <p class='ocr_par' dir='ltr' id='par_1_3' title="bbox 299 1643 775 1719">
     <span class='ocr_line' id='line_1_9' title="bbox 299 1643 775 1719; baseline -0.006 0"><span class='ocrx_word' id='word_1_58' title='bbox 299 1643 698 1719; x_wconf 80' lang='lat' dir='ltr'><strong>ostenderet.</strong></span> <span class='ocrx_word' id='word_1_59' title='bbox 740 1651 775 1685; x_wconf 86' lang='lat'><strong>*</strong></span> 
     </span>
    </p>

    <p class='ocr_par' dir='ltr' id='par_1_4' title="bbox 297 1775 2462 4130">
     <span class='ocr_line' id='line_1_10' title="bbox 390 1775 2447 1879; baseline 0.001 -28"><span class='ocrx_word' id='word_1_60' title='bbox 390 1777 523 1851; x_wconf 86' lang='lat' dir='ltr'><strong>Sed</strong></span> <span class='ocrx_word' id='word_1_61' title='bbox 578 1775 796 1850; x_wconf 88' lang='lat' dir='ltr'><strong>multo</strong></span> <span class='ocrx_word' id='word_1_62' title='bbox 841 1779 1054 1877; x_wconf 86' lang='lat' dir='ltr'><strong>majus</strong></span> <span class='ocrx_word' id='word_1_63' title='bbox 1097 1777 1731 1879; x_wconf 83' lang='lat' dir='ltr'><strong>memorabiliusque</strong></span> <span class='ocrx_word' id='word_1_64' title='bbox 1783 1807 1961 1879; x_wconf 90' lang='lat' dir='ltr'><strong>opus</strong></span> <span class='ocrx_word' id='word_1_65' title='bbox 2019 1778 2295 1853; x_wconf 87' lang='lat' dir='ltr'><strong>molitus</strong></span> <span class='ocrx_word' id='word_1_66' title='bbox 2346 1798 2447 1853; x_wconf 88' lang='lat' dir='ltr'><strong>est</strong></span> 
     </span>
     <span class='ocr_line' id='line_1_11' title="bbox 306 1907 2440 1999; baseline 0.001 -16"><span class='ocrx_word' id='word_1_67' title='bbox 306 1907 582 1983; x_wconf 61' lang='lat' dir='ltr'><strong>ondins.</strong></span> <span class='ocrx_word' id='word_1_68' title='bbox 629 1911 701 1982; x_wconf 89' lang='lat' dir='ltr'><strong>Is</strong></span> <span class='ocrx_word' id='word_1_69' title='bbox 731 1909 910 1983; x_wconf 86' lang='lat' dir='ltr'><strong>enirn</strong></span> <span class='ocrx_word' id='word_1_70' title='bbox 946 1926 1123 1984; x_wconf 87' lang='lat' dir='ltr'><strong>recte</strong></span> <span class='ocrx_word' id='word_1_71' title='bbox 1154 1910 1355 1999; x_wconf 81' lang='lat' dir='ltr'><strong>vidit,</strong></span> <span class='ocrx_word' id='word_1_72' title='bbox 1392 1909 1644 1984; x_wconf 85' lang='lat' dir='ltr'><strong>fabulis</strong></span> <span class='ocrx_word' id='word_1_73' title='bbox 1683 1908 1817 1982; x_wconf 86' lang='lat' dir='ltr'><strong>illis</strong></span> <span class='ocrx_word' id='word_1_74' title='bbox 1863 1909 1937 1982; x_wconf 88' lang='lat' dir='ltr'><strong>iu</strong></span> <span class='ocrx_word' id='word_1_75' title='bbox 1973 1937 2042 1983; x_wconf 90' lang='lat' dir='ltr'><strong>se</strong></span> <span class='ocrx_word' id='word_1_76' title='bbox 2077 1911 2398 1985; x_wconf 76' lang='lat' dir='ltr'><strong>tenuibus</strong></span> <span class='ocrx_word' id='word_1_77' title='bbox 2423 1967 2440 1996; x_wconf 86' lang='lat'><strong>‚</strong></span> 
     </span>
     <span class='ocr_line' id='line_1_12' title="bbox 297 2041 2450 2144; baseline 0.001 -29"><span class='ocrx_word' id='word_1_78' title='bbox 297 2070 602 2139; x_wconf 81' lang='lat' dir='ltr'><strong>magnam</strong></span> <span class='ocrx_word' id='word_1_79' title='bbox 628 2042 827 2115; x_wconf 80' lang='lat' dir='ltr'><strong>etiam</strong></span> <span class='ocrx_word' id='word_1_80' title='bbox 862 2057 1122 2142; x_wconf 82' lang='lat' dir='ltr'><strong>partem</strong></span> <span class='ocrx_word' id='word_1_81' title='bbox 1152 2042 1401 2143; x_wconf 87' lang='lat' dir='ltr'><strong>ineptis</strong></span> <span class='ocrx_word' id='word_1_82' title='bbox 1454 2061 1656 2144; x_wconf 86' lang='lat' dir='ltr'><strong>atque</strong></span> <span class='ocrx_word' id='word_1_83' title='bbox 1706 2042 2055 2133; x_wconf 68' lang='lat' dir='ltr'><strong>absurdis,</strong></span> <span class='ocrx_word' id='word_1_84' title='bbox 2105 2041 2450 2119; x_wconf 76' lang='lat' dir='ltr'><strong>illecebras</strong></span> 
     </span>
     <span class='ocr_line' id='line_1_13' title="bbox 298 2174 2450 2283; baseline -0 -31"><span class='ocrx_word' id='word_1_85' title='bbox 298 2206 439 2252; x_wconf 85' lang='lat' dir='ltr'><strong>esse</strong></span> <span class='ocrx_word' id='word_1_86' title='bbox 456 2176 909 2283; x_wconf 78' lang='lat' dir='ltr'><strong>conciliandas</strong></span> <span class='ocrx_word' id='word_1_87' title='bbox 924 2207 961 2250; x_wconf 83' lang='lat' dir='ltr'><strong>a</strong></span> <span class='ocrx_word' id='word_1_88' title='bbox 974 2204 1259 2280; x_wconf 84' lang='lat' dir='ltr'><strong>poeseos</strong></span> <span class='ocrx_word' id='word_1_89' title='bbox 1285 2178 1712 2265; x_wconf 81' lang='lat' dir='ltr'><strong>ornamentis,</strong></span> <span class='ocrx_word' id='word_1_90' title='bbox 1731 2207 1769 2250; x_wconf 83' lang='lat' dir='ltr'><strong>a</strong></span> <span class='ocrx_word' id='word_1_91' title='bbox 1785 2174 2178 2251; x_wconf 84' lang='lat' dir='ltr'><strong>collectione</strong></span> <span class='ocrx_word' id='word_1_92' title='bbox 2203 2206 2450 2266; x_wconf 83' lang='lat' dir='ltr'><strong>earum,</strong></span> 
     </span>
     <span class='ocr_line' id='line_1_14' title="bbox 301 2310 2451 2412; baseline 0 -29"><span class='ocrx_word' id='word_1_93' title='bbox 301 2310 431 2383; x_wconf 86' lang='lat' dir='ltr'><strong>nisi</strong></span> <span class='ocrx_word' id='word_1_94' title='bbox 467 2311 805 2399; x_wconf 88' lang='lat' dir='ltr'><strong>omnium,</strong></span> <span class='ocrx_word' id='word_1_95' title='bbox 843 2328 1017 2385; x_wconf 82' lang='lat' dir='ltr'><strong>certe</strong></span> <span class='ocrx_word' id='word_1_96' title='bbox 1052 2310 1488 2412; x_wconf 74' lang='lat' dir='ltr'><strong>plurimarum</strong></span> <span class='ocrx_word' id='word_1_97' title='bbox 1513 2362 1531 2395; x_wconf 89' lang='lat'>‚</span> <span class='ocrx_word' id='word_1_98' title='bbox 1581 2310 1654 2379; x_wconf 83' lang='lat' dir='ltr'><strong>in</strong></span> <span class='ocrx_word' id='word_1_99' title='bbox 1689 2336 1914 2387; x_wconf 69' lang='lat' dir='ltr'><strong>unum.</strong></span> <span class='ocrx_word' id='word_1_100' title='bbox 1951 2334 2199 2409; x_wconf 78' lang='lat' dir='ltr'><strong>corpus</strong></span> <span class='ocrx_word' id='word_1_101' title='bbox 2229 2366 2248 2397; x_wconf 91' lang='lat'><strong><em>‚</em></strong></span> <span class='ocrx_word' id='word_1_102' title='bbox 2301 2328 2369 2384; x_wconf 86' lang='lat' dir='ltr'><strong>et</strong></span> <span class='ocrx_word' id='word_1_103' title='bbox 2414 2339 2451 2383; x_wconf 88' lang='lat' dir='ltr'><strong>a</strong></span> 
     </span>
     <span class='ocr_line' id='line_1_15' title="bbox 300 2439 2453 2538; baseline 0 -23"><span class='ocrx_word' id='word_1_104' title='bbox 300 2441 613 2515; x_wconf 77' lang='lat' dir='ltr'><strong>laudibus</strong></span> <span class='ocrx_word' id='word_1_105' title='bbox 649 2445 949 2513; x_wconf 79' lang='lat' dir='ltr'><strong>Deorum</strong></span> <span class='ocrx_word' id='word_1_106' title='bbox 982 2442 1397 2538; x_wconf 78' lang='lat' dir='ltr'><strong>heroumqne</strong></span> <span class='ocrx_word' id='word_1_107' title='bbox 1430 2439 1867 2536; x_wconf 65' lang='lat' dir='ltr'><strong>interpositis.</strong></span> <span class='ocrx_word' id='word_1_108' title='bbox 1896 2439 1974 2510; x_wconf 90' lang='lat' dir='ltr'><strong>Id</strong></span> <span class='ocrx_word' id='word_1_109' title='bbox 2009 2458 2228 2513; x_wconf 84' lang='lat' dir='ltr'><strong>autem</strong></span> <span class='ocrx_word' id='word_1_110' title='bbox 2265 2458 2453 2517; x_wconf 78' lang='lat' dir='ltr'><strong>tanto</strong></span> 
     </span>
     <span class='ocr_line' id='line_1_16' title="bbox 301 2566 2457 2670; baseline 0 -25"><span class='ocrx_word' id='word_1_111' title='bbox 301 2572 572 2670; x_wconf 81' lang='lat' dir='ltr'><strong>ingenio</strong></span> <span class='ocrx_word' id='word_1_112' title='bbox 611 2587 928 2670; x_wconf 81' lang='lat' dir='ltr'><strong>tantaque</strong></span> <span class='ocrx_word' id='word_1_113' title='bbox 966 2584 1103 2642; x_wconf 83' lang='lat' dir='ltr'><strong>arte</strong></span> <span class='ocrx_word' id='word_1_114' title='bbox 1138 2568 1398 2655; x_wconf 78' lang='lat' dir='ltr'><strong>effecit,</strong></span> <span class='ocrx_word' id='word_1_115' title='bbox 1430 2584 1515 2639; x_wconf 78' lang='lat' dir='ltr'><strong>ut</strong></span> <span class='ocrx_word' id='word_1_116' title='bbox 1537 2566 1924 2641; x_wconf 67' lang='lat' dir='ltr'><strong>suavissime</strong></span> <span class='ocrx_word' id='word_1_117' title='bbox 1946 2569 2282 2645; x_wconf 86' lang='lat' dir='ltr'><strong>bonarum</strong></span> <span class='ocrx_word' id='word_1_118' title='bbox 2305 2572 2457 2647; x_wconf 85' lang='lat' dir='ltr'><strong>lite-</strong></span> 
     </span>
     <span class='ocr_line' id='line_1_17' title="bbox 301 2697 2448 2799; baseline -0.001 -21"><span class='ocrx_word' id='word_1_119' title='bbox 301 2732 521 2778; x_wconf 84' lang='lat' dir='ltr'><strong>rarum</strong></span> <span class='ocrx_word' id='word_1_120' title='bbox 564 2700 917 2775; x_wconf 81' lang='lat' dir='ltr'><strong>studiosos·</strong></span> <span class='ocrx_word' id='word_1_121' title='bbox 951 2699 1036 2772; x_wconf 80' lang='lat' dir='ltr'><strong>ad</strong></span> <span class='ocrx_word' id='word_1_122' title='bbox 1070 2697 1642 2799; x_wconf 67' lang='lat' dir='ltr'><strong>metamor-pheses</strong></span> <span class='ocrx_word' id='word_1_123' title='bbox 1678 2702 2179 2795; x_wconf 74' lang='lat' dir='ltr'><strong>cognoscendas</strong></span> <span class='ocrx_word' id='word_1_124' title='bbox 2210 2704 2448 2777; x_wconf 81' lang='lat' dir='ltr'><strong>invitet</strong></span> 
     </span>
     <span class='ocr_line' id='line_1_18' title="bbox 302 2830 2456 2936; baseline 0 -27"><span class='ocrx_word' id='word_1_125' title='bbox 302 2854 694 2936; x_wconf 79' lang='lat' dir='ltr'><strong>teneatque3</strong></span> <span class='ocrx_word' id='word_1_126' title='bbox 728 2834 892 2934; x_wconf 90' lang='lat' dir='ltr'><strong>quin</strong></span> <span class='ocrx_word' id='word_1_127' title='bbox 917 2830 1117 2920; x_wconf 85' lang='lat' dir='ltr'><strong>adeo,</strong></span> <span class='ocrx_word' id='word_1_128' title='bbox 1150 2848 1266 2919; x_wconf 90' lang='lat' dir='ltr'><strong>ut,</strong></span> <span class='ocrx_word' id='word_1_129' title='bbox 1301 2860 1378 2903; x_wconf 91' lang='lat' dir='ltr'><strong>eo</strong></span> <span class='ocrx_word' id='word_1_130' title='bbox 1403 2831 1675 2904; x_wconf 88' lang='lat' dir='ltr'><strong>nomine</strong></span> <span class='ocrx_word' id='word_1_131' title='bbox 1705 2832 1934 2905; x_wconf 81' lang='lat' dir='ltr'><strong>audito</strong></span> <span class='ocrx_word' id='word_1_132' title='bbox 1953 2889 1972 2920; x_wconf 91' lang='lat'><strong>,</strong></span> <span class='ocrx_word' id='word_1_133' title='bbox 2010 2834 2298 2909; x_wconf 88' lang='lat' dir='ltr'><strong>Ovidius</strong></span> <span class='ocrx_word' id='word_1_134' title='bbox 2319 2854 2456 2910; x_wconf 85' lang='lat' dir='ltr'><strong>sta-</strong></span> 
     </span>
     <span class='ocr_line' id='line_1_19' title="bbox 303 2948 2450 3068; baseline 0 -27"><span class='ocrx_word' id='word_1_135' title='bbox 303 2969 455 3056; x_wconf 60' lang='lat' dir='ltr'><strong>tim,</strong></span> <span class='ocrx_word' id='word_1_136' title='bbox 486 2986 805 3068; x_wconf 67' lang='lat' dir='ltr'><strong>tanquam</strong></span> <span class='ocrx_word' id='word_1_137' title='bbox 826 2992 1006 3038; x_wconf 86' lang='lat' dir='ltr'><strong>unus</strong></span> <span class='ocrx_word' id='word_1_138' title='bbox 1033 2992 1257 3038; x_wconf 85' lang='lat' dir='ltr'><strong>earum</strong></span> <span class='ocrx_word' id='word_1_139' title='bbox 1284 2979 1551 3051; x_wconf 81' lang='lat' dir='ltr'><strong>auctor,</strong></span> <span class='ocrx_word' id='word_1_140' title='bbox 1582 2981 1908 3037; x_wconf 82' lang='lat' dir='ltr'><strong>occurrat.</strong></span> <span class='ocrx_word' id='word_1_141' title='bbox 1931 2964 2234 3055; x_wconf 78' lang='lat' dir='ltr'><strong>Etenim,</strong></span> <span class='ocrx_word' id='word_1_142' title='bbox 2264 2948 2450 3068; x_wconf 86' lang='lat' dir='ltr'><strong>quod</strong></span> 
     </span>
     <span class='ocr_line' id='line_1_20' title="bbox 307 3095 2453 3203; baseline -0.001 -27"><span class='ocrx_word' id='word_1_143' title='bbox 307 3102 597 3203; x_wconf 89' lang='lat' dir='ltr'><strong>primum</strong></span> <span class='ocrx_word' id='word_1_144' title='bbox 626 3117 757 3185; x_wconf 83' lang='lat' dir='ltr'><strong>est,</strong></span> <span class='ocrx_word' id='word_1_145' title='bbox 787 3098 1176 3173; x_wconf 83' lang='lat' dir='ltr'><strong>innumeros</strong></span> <span class='ocrx_word' id='word_1_146' title='bbox 1208 3095 1412 3194; x_wconf 84' lang='lat' dir='ltr'><strong>hujus</strong></span> <span class='ocrx_word' id='word_1_147' title='bbox 1433 3095 1697 3192; x_wconf 75' lang='lat' dir='ltr'><strong>generis</strong></span> <span class='ocrx_word' id='word_1_148' title='bbox 1724 3095 2028 3197; x_wconf 83' lang='lat' dir='ltr'><strong>mythos,</strong></span> <span class='ocrx_word' id='word_1_149' title='bbox 2065 3117 2232 3199; x_wconf 87' lang='lat' dir='ltr'><strong>quot</strong></span> <span class='ocrx_word' id='word_1_150' title='bbox 2255 3128 2453 3174; x_wconf 86' lang='lat' dir='ltr'><strong>nemo</strong></span> 
     </span>
     <span class='ocr_line' id='line_1_21' title="bbox 307 3229 2453 3335; baseline 0.001 -28"><span class='ocrx_word' id='word_1_151' title='bbox 307 3235 474 3310; x_wconf 82' lang='lat' dir='ltr'><strong>sorte</strong></span> <span class='ocrx_word' id='word_1_152' title='bbox 510 3251 665 3309; x_wconf 84' lang='lat' dir='ltr'><strong>ante</strong></span> <span class='ocrx_word' id='word_1_153' title='bbox 700 3258 887 3321; x_wconf 86' lang='lat' dir='ltr'><strong>eum,</strong></span> <span class='ocrx_word' id='word_1_154' title='bbox 920 3231 1222 3332; x_wconf 81' lang='lat' dir='ltr'><strong>undique</strong></span> <span class='ocrx_word' id='word_1_155' title='bbox 1257 3229 1607 3332; x_wconf 77' lang='lat' dir='ltr'><strong>decerptos</strong></span> <span class='ocrx_word' id='word_1_156' title='bbox 1644 3230 1936 3327; x_wconf 78' lang='lat' dir='ltr'><strong>collegit.</strong></span> <span class='ocrx_word' id='word_1_157' title='bbox 1975 3234 2210 3334; x_wconf 82' lang='lat' dir='ltr'><strong>Neque</strong></span> <span class='ocrx_word' id='word_1_158' title='bbox 2251 3263 2453 3335; x_wconf 85' lang='lat' dir='ltr'><strong>opera</strong></span> 
     </span>
     <span class='ocr_line' id='line_1_22' title="bbox 308 3363 2460 3468; baseline -0.001 -25"><span class='ocrx_word' id='word_1_159' title='bbox 308 3370 445 3468; x_wconf 76' lang='lat' dir='ltr'><strong>ejus</strong></span> <span class='ocrx_word' id='word_1_160' title='bbox 479 3368 660 3439; x_wconf 88' lang='lat' dir='ltr'><strong>intra</strong></span> <span class='ocrx_word' id='word_1_161' title='bbox 690 3363 1352 3465; x_wconf 78' lang='lat' dir='ltr'><strong>metamorphoseon,</strong></span> <span class='ocrx_word' id='word_1_162' title='bbox 1389 3390 1535 3464; x_wconf 82' lang='lat' dir='ltr'><strong>quae</strong></span> <span class='ocrx_word' id='word_1_163' title='bbox 1567 3363 1840 3464; x_wconf 77' lang='lat' dir='ltr'><strong>proprie</strong></span> <span class='ocrx_word' id='word_1_164' title='bbox 1876 3364 1973 3437; x_wconf 86' lang='lat' dir='ltr'><strong>sic</strong></span> <span class='ocrx_word' id='word_1_165' title='bbox 2010 3363 2346 3455; x_wconf 87' lang='lat' dir='ltr'><strong>dicuntur,</strong></span> <span class='ocrx_word' id='word_1_166' title='bbox 2371 3366 2460 3440; x_wconf 84' lang='lat' dir='ltr'><strong>li·-</strong></span> 
     </span>
     <span class='ocr_line' id='line_1_23' title="bbox 307 3495 2457 3597; baseline -0.001 -23"><span class='ocrx_word' id='word_1_167' title='bbox 307 3501 501 3574; x_wconf 88' lang='lat' dir='ltr'><strong>mites</strong></span> <span class='ocrx_word' id='word_1_168' title='bbox 560 3496 899 3582; x_wconf 70' lang='lat' dir='ltr'><strong>substitit,</strong></span> <span class='ocrx_word' id='word_1_169' title='bbox 936 3495 1055 3570; x_wconf 85' lang='lat' dir='ltr'><strong>sed</strong></span> <span class='ocrx_word' id='word_1_170' title='bbox 1104 3496 1239 3571; x_wconf 81' lang='lat' dir='ltr'><strong>sive</strong></span> <span class='ocrx_word' id='word_1_171' title='bbox 1268 3495 1716 3597; x_wconf 83' lang='lat' dir='ltr'><strong>plenitudinis</strong></span> <span class='ocrx_word' id='word_1_172' title='bbox 1759 3523 1984 3584; x_wconf 81' lang='lat' dir='ltr'><strong>causa,</strong></span> <span class='ocrx_word' id='word_1_173' title='bbox 2025 3497 2159 3570; x_wconf 84' lang='lat' dir='ltr'><strong>sive</strong></span> <span class='ocrx_word' id='word_1_174' title='bbox 2199 3525 2457 3571; x_wconf 82' lang='lat' dir='ltr'><strong>cosmo·</strong></span> 
     </span>
     <span class='ocr_line' id='line_1_24' title="bbox 311 3626 2457 3727; baseline -0.001 -23"><span class='ocrx_word' id='word_1_175' title='bbox 311 3632 544 3723; x_wconf 77' lang='lat' dir='ltr'><strong>gon‘ms</strong></span> <span class='ocrx_word' id='word_1_176' title='bbox 572 3629 956 3705; x_wconf 74' lang='lat' dir='ltr'><strong>Graecorum</strong></span> <span class='ocrx_word' id='word_1_177' title='bbox 975 3627 1363 3727; x_wconf 80' lang='lat' dir='ltr'><strong>respiciens,</strong></span> <span class='ocrx_word' id='word_1_178' title='bbox 1388 3627 1459 3700; x_wconf 85' lang='lat' dir='ltr'><strong>in</strong></span> <span class='ocrx_word' id='word_1_179' title='bbox 1482 3626 1856 3727; x_wconf 82' lang='lat' dir='ltr'><strong>primordio</strong></span> <span class='ocrx_word' id='word_1_180' title='bbox 1885 3627 2105 3727; x_wconf 89' lang='lat' dir='ltr'><strong>operis</strong></span> <span class='ocrx_word' id='word_1_181' title='bbox 2133 3627 2457 3723; x_wconf 78' lang='lat' dir='ltr'><strong>originem</strong></span> 
     </span>
     <span class='ocr_line' id='line_1_25' title="bbox 308 3731 2456 3852; baseline -0.001 -14"><span class='ocrx_word' id='word_1_182' title='bbox 308 3763 577 3852; x_wconf 84' lang='lat' dir='ltr'><strong>mundi,</strong></span> <span class='ocrx_word' id='word_1_183' title='bbox 606 3731 1356 3849; x_wconf 65' lang='lat' dir='ltr'><strong>citationemhominis,</strong></span> <span class='ocrx_word' id='word_1_184' title='bbox 1386 3760 1872 3835; x_wconf 86' lang='lat' dir='ltr'><strong>successionem</strong></span> <span class='ocrx_word' id='word_1_185' title='bbox 1902 3777 2200 3849; x_wconf 83' lang='lat' dir='ltr'><strong>aetatum,</strong></span> <span class='ocrx_word' id='word_1_186' title='bbox 2234 3752 2456 3836; x_wconf 85' lang='lat' dir='ltr'><strong>ortum</strong></span> 
     </span>
     <span class='ocr_line' id='line_1_26' title="bbox 310 3890 2462 3993; baseline -0.002 -24"><span class='ocrx_word' id='word_1_187' title='bbox 310 3895 747 3969; x_wconf 81' lang='lat' dir='ltr'><strong>animantium</strong></span> <span class='ocrx_word' id='word_1_188' title='bbox 788 3920 868 3967; x_wconf 83' lang='lat' dir='ltr'><strong>ex</strong></span> <span class='ocrx_word' id='word_1_189' title='bbox 892 3892 1100 3982; x_wconf 70' lang='lat' dir='ltr'><strong>limo,</strong></span> <span class='ocrx_word' id='word_1_190' title='bbox 1140 3910 1208 3968; x_wconf 83' lang='lat' dir='ltr'><strong>et</strong></span> <span class='ocrx_word' id='word_1_191' title='bbox 1233 3890 1413 3967; x_wconf 85' lang='lat' dir='ltr'><strong>libro</strong></span> <span class='ocrx_word' id='word_1_192' title='bbox 1446 3911 1743 3967; x_wconf 84' lang='lat' dir='ltr'><strong>extremo</strong></span> <span class='ocrx_word' id='word_1_193' title='bbox 1771 3890 1982 3967; x_wconf 89' lang='lat' dir='ltr'><strong>multa</strong></span> <span class='ocrx_word' id='word_1_194' title='bbox 2003 3921 2038 3966; x_wconf 89' lang='lat' dir='ltr'><strong>e</strong></span> <span class='ocrx_word' id='word_1_195' title='bbox 2066 3892 2462 3993; x_wconf 77' lang='lat' dir='ltr'><strong>Pythagorae</strong></span> 
     </span>
     <span class='ocr_line' id='line_1_27' title="bbox 310 4024 2461 4130; baseline -0.003 -25"><span class='ocrx_word' id='word_1_196' title='bbox 310 4028 577 4130; x_wconf 85' lang='lat' dir='ltr'><strong>placitis</strong></span> <span class='ocrx_word' id='word_1_197' title='bbox 615 4028 958 4103; x_wconf 85' lang='lat' dir='ltr'><strong>adsumsit.</strong></span> <span class='ocrx_word' id='word_1_198' title='bbox 1014 4026 1209 4099; x_wconf 82' lang='lat' dir='ltr'><strong>Unde</strong></span> <span class='ocrx_word' id='word_1_199' title='bbox 1240 4054 1394 4100; x_wconf 81' lang='lat' dir='ltr'><strong>vem</strong></span> <span class='ocrx_word' id='word_1_200' title='bbox 1441 4024 1710 4122; x_wconf 85' lang='lat' dir='ltr'><strong>singula</strong></span> <span class='ocrx_word' id='word_1_201' title='bbox 1747 4025 2080 4113; x_wconf 83' lang='lat' dir='ltr'><strong>hauserit,</strong></span> <span class='ocrx_word' id='word_1_202' title='bbox 2113 4052 2320 4123; x_wconf 89' lang='lat' dir='ltr'><strong>quum</strong></span> <span class='ocrx_word' id='word_1_203' title='bbox 2358 4040 2461 4099; x_wconf 84' lang='lat' dir='ltr'><strong>tot</strong></span> 
     </span>
    </p>
   </div>
   <div class='ocr_carea' id='block_1_4' title="bbox 310 4257 2458 4409">
    <p class='ocr_par' dir='ltr' id='par_1_5' title="bbox 310 4257 2458 4409">
     <span class='ocr_line' id='line_1_28' title="bbox 374 4257 2458 4316; baseline -0.002 -2"><span class='ocrx_word' id='word_1_204' title='bbox 374 4262 398 4289; x_wconf 76' lang='lat'><strong>¹¹</strong></span> <span class='ocrx_word' id='word_1_205' title='bbox 430 4261 573 4316; x_wconf 79' lang='lat' dir='ltr'><strong>Vide</strong></span> <span class='ocrx_word' id='word_1_206' title='bbox 597 4263 908 4316; x_wconf 77' lang='lat' dir='ltr'><strong>Mellmaam‘</strong></span> <span class='ocrx_word' id='word_1_207' title='bbox 932 4261 1240 4315; x_wconf 77' lang='lat' dir='ltr'><strong>comment.</strong></span> <span class='ocrx_word' id='word_1_208' title='bbox 1274 4259 1341 4314; x_wconf 87' lang='lat' dir='ltr'><strong>de</strong></span> <span class='ocrx_word' id='word_1_209' title='bbox 1378 4261 1542 4316; x_wconf 81' lang='lat' dir='ltr'><strong>causis</strong></span> <span class='ocrx_word' id='word_1_210' title='bbox 1568 4271 1622 4314; x_wconf 83' lang='lat' dir='ltr'><strong>et</strong></span> <span class='ocrx_word' id='word_1_211' title='bbox 1651 4259 1946 4315; x_wconf 79' lang='lat' dir='ltr'><strong>auctoribus</strong></span> <span class='ocrx_word' id='word_1_212' title='bbox 1982 4258 2350 4314; x_wconf 83' lang='lat' dir='ltr'><strong>narrationum</strong></span> <span class='ocrx_word' id='word_1_213' title='bbox 2393 4257 2458 4310; x_wconf 88' lang='lat' dir='ltr'><strong>de</strong></span> 
     </span>
     <span class='ocr_line' id='line_1_29' title="bbox 310 4352 1924 4409; baseline -0.008 -1"><span class='ocrx_word' id='word_1_214' title='bbox 310 4354 531 4409; x_wconf 79' lang='lat' dir='ltr'><strong>mutatis</strong></span> <span class='ocrx_word' id='word_1_215' title='bbox 556 4354 757 4408; x_wconf 77' lang='lat' dir='ltr'><strong>formis.</strong></span> <span class='ocrx_word' id='word_1_216' title='bbox 1913 4352 1924 4359; x_wconf 84' lang='lat'>&#39;</span> 
     </span>
    </p>
   </div>
  </div>
 </body>
</html>
