3217 5134
887 530 1972 601 METAMoRPnosEoN.
2399 536 2488 625 39

328 671 598 749 rediens
631 671 717 745 ad
747 671 1101 747 Acheloum
1136 673 1499 749 devertitur
1523 690 1592 749 et
1622 672 1983 747 Echinades
2023 671 2277 747 insulas
2316 701 2485 747 con-

252 812 261 823 ·
333 787 568 889 spicit,
603 787 674 860 in
701 813 867 887 quas
896 787 1183 863 Nasbdes
1209 806 1397 863 erant
1423 817 1774 865 conversae.
1816 788 2026 886 Quod
2060 788 2153 862 ita
2184 786 2330 862 fieri
2353 817 2489 890 po-

338 904 586 991 tuisse,
621 921 909 999 negante
946 904 1252 979 Pirithoo
1273 961 1293 994 ‚
1332 904 1532 981 Lelex
1565 906 1860 1007 primum
1899 904 2210 980 Baua’dss
2235 922 2304 979 et
2333 903 2494 979 Phi-

339 1022 591 1096 lemonis
621 1019 871 1121 probat
895 1018 1200 1121 exemplo
1219 1077 1238 1109 ‚
1270 1022 1388 1123 qui
1421 1022 1491 1095 in
1518 1023 1770 1097 arbores
1791 1022 2043 1097 suerint
2070 1021 2490 1111 commutati,

345 1137 523 1211 sicut
552 1135 771 1211 domus
798 1164 1034 1213 eorum
1073 1138 1143 1211 in
1178 1139 1502 1239 templum
1543 1168 1621 1214 ac
1642 1167 1849 1241 pagus
1879 1139 2022 1240 ipse
2068 1137 2140 1210 in
2182 1152 2486 1237 stqffnum.

338 1251 686 1331 Achelous
718 1252 957 1331 deinde
980 1252 1202 1331 Pmtei
1226 1273 1296 1329 et
1327 1255 1629 1344 Mestroe,
1682 1255 2159 1332 Erisichthona
2179 1312 2199 1345 ‚
2233 1273 2491 1358 patrem

336 1369 511 1447 fame
546 1370 875 1445 fluentem
894 1426 914 1459 ‚
952 1370 1191 1446 alentis
1228 1386 1511 1447 naturam
1543 1371 1962 1473 transforment
1989 1373 2196 1448 addit.

440 1543 597 1615 LIB.
645 1543 766 1614 IX.
827 1540 1007 1614 Tum
1036 1570 1180 1615 suas
1219 1542 1467 1619 formas
1497 1543 1741 1633 refert,
1781 1574 1945 1649 quas
1983 1544 2322 1648 quondam
2346 1573 2495 1619 mu-

338 1675 587 1731 taverat
605 1713 623 1744 ,
663 1687 873 1758 quum
900 1658 1123 1759 ipsum
1151 1678 1478 1761 premeret
1507 1658 1868 1751 Hercules,
1907 1661 1985 1735 de
2007 1661 2323 1763 Dejamra
2350 1690 2488 1735 cer-

214 1842 227 1853 .
338 1794 510 1850 tans.
563 1776 756 1850 Hanc
790 1777 1029 1850 victori
1066 1777 1138 1852 in
1169 1776 1450 1879 patriam
1478 1774 1784 1852 redeunti
1831 1781 2074 1854 Nessus
2101 1804 2330 1879 rapere
2361 1806 2485 1851 vo-

336 1890 497 1979 luit;
534 1892 653 1966 sed
687 1893 1000 1967 Herculis
1036 1894 1278 1990 sagitta
1314 1890 1632 1970 venenata
1666 1893 2017 1969 confossus
2068 1893 2342 1982 cecidit,
2378 1913 2476 1983 et,

338 2037 428 2082 ne
461 2008 720 2084 inultus
742 2011 1029 2112 periret,
1060 2030 1266 2113 raptae
1297 2029 1546 2086 vestem
1582 2009 1768 2085 dedit
1801 2010 2122 2105 sang-uine
2156 2036 2282 2084 suo
2322 2013 2492 2085 tinc-
2547 2012 2550 2015 ’

342 2145 501 2201 tam.
540 2129 641 2202 Ea
678 2126 997 2203 dubitans
1029 2127 1373 2230 aliquanto
1399 2145 1559 2230 post
1590 2127 1671 2200 de
1698 2127 1919 2201 mariti
1955 2154 2210 2216 amore,
2245 2146 2492 2204 vestem

340 2244 406 2316 ei
446 2243 634 2343 miz-pit
687 2243 1026 2331 eamdem,
1065 2274 1198 2346 qua
1240 2245 1521 2319 indutus
1567 2270 1776 2345 quum
1819 2262 2391 2335 concremaretur,
2428 2263 2495 2320 et

340 2359 579 2434 Lichas
594 2359 883 2436 famulus
908 2362 995 2435 ab
1022 2390 1103 2435 eo
1128 2390 1251 2463 per
1271 2370 1419 2435 ae'ra
1444 2360 1689 2435 missus
1710 2360 1779 2433 in
1795 2388 2022 2435 saxum
2051 2362 2482 2459 obriguisset,

335 2478 575 2580 periit,
602 2495 707 2568 et,
732 2494 1016 2553 renovata
1040 2478 1184 2579 ejus
1180 2478 1390 2578 facab,
1426 2478 1496 2551 in
1516 2478 1752 2552 caelum
1784 2498 1886 2554 est
1917 2480 2279 2554 traductus.
2310 2463 2487 2554 Tum

334 2596 656 2672 Alcmena
680 2613 895 2670 mater
918 2595 1003 2669 ad
1037 2595 1223 2670 Iolen
1254 2622 1501 2670 nurum
1538 2622 1609 2669 se
1643 2595 1974 2684 eontulit,
2012 2597 2205 2697 eique
2245 2597 2489 2673 Galan-

328 2709 562 2785 tlu'dem
594 2711 667 2784 in
692 2712 1009 2785 mustelam
1031 2771 1049 2798 ,
1090 2731 1159 2787 et
1184 2711 1299 2786 ill'a
1325 2711 1616 2786 vicissim
1648 2712 1950 2819 Dryopen
1975 2740 2276 2806 sororem
2299 2742 2487 2790 suam

328 2829 407 2901 in
474 2829 641 2902 loton
706 2855 1091 2903 conversam
1148 2828 1809 2904 narravit.·.lnberim
1872 2830 2257 2930 supervenit
2319 2831 2486 2931 ipsis

331 2945 563 3020 Iolaus
582 3004 602 3032 ‚
642 2963 948 3047 reparata
980 2972 1101 3047 per
1128 2945 1367 3020 Heben
1386 2946 1707 3047 juventute
1741 2972 1760 3016 t
1797 2943 1866 3018 id
1895 2944 2079 3045 quod
2108 2973 2251 3018 non
2284 2974 2485 3047 posse

336 3063 659 3137 omnibus
690 3062 1117 3158 contingere,
1153 3062 1422 3163 Jupiter
1457 3059 1684 3135 AEaci
1698 3058 2001 3160 exemplo
2031 3060 2247 3136 docet.
2285 3064 2486 3137 Hunc

335 3178 604 3274 fugiens
636 3177 901 3252 Miletus
921 3178 996 3251 in
1021 3177 1251 3252 Asiam
1278 3177 1583 3253 discessit
1603 3232 1624 3265 ‚
1658 3192 1727 3250 et
1750 3174 2082 3282 Byblidem
2109 3181 2485 3278 procreavit

337 3310 541 3395 atque
605 3290 889 3366 Caunum
906 3320 934 3377 ,⁶
990 3291 1183 3390 cujus
1230 3290 1344 3366 illa
1396 3291 1723 3367 desiderio
1779 3290 2102 3368 tabefacta
2137 3292 2206 3366 in
2233 3294 2481 3394 sontem

337 3410 625 3485 transiit.
684 3410 858 3507 Quae
892 3408 1162 3509 quidem
1196 3436 1305 3484 res
1338 3408 1551 3505 magis
1582 3408 1753 3482 mira
1783 3409 2042 3484 cunctis
2075 3410 2216 3483 visa
2252 3427 2427 3484 esset
2461 3467 2480 3499 ,

329 3528 465 3603 nisi
495 3525 705 3629 paulo
735 3542 888 3601 ante
923 3525 1111 3626 Iphis
1132 3586 1151 3613 ,
1198 3528 1350 3628 ipso
1385 3526 1774 3627 nuptiarum
1806 3526 1913 3600 die
1935 3582 1955 3615 ,
1991 3527 2234 3600 virilem
2265 3555 2482 3602 sexum

325 3645 714 3748 accepisset.
1186 3628 1193 3635 ’

423 3821 583 3894 LIB.
625 3820 715 3891 X.
756 3816 887 3891 His
920 3817 1178 3919 nuptiis
1214 3817 1333 3918 qui
1367 3815 1758 3890 interfuerat
1791 3816 2192 3919 Hymenaeus
2223 3817 2306 3891 ad
2345 3817 2480 3892 Or-

308 3934 550 4038 pheum
585 3934 741 4009 inde
777 3962 848 4009 se
891 3933 1212 4024 contulit,
1249 3933 1367 4009 sed
1404 3932 1580 4009 malo
1621 3934 1840 4009 omine
1870 3990 1887 4023 ‚
1936 3932 2482 4035 quandoquidem

320 4079 490 4126 mox
526 4051 703 4125 obiit
729 4049 1085 4158 Eurydice,
1117 4079 1333 4153 neque
1360 4049 1446 4125 ad
1468 4078 1750 4153 superos
1777 4050 2007 4126 reduci
2041 4049 2288 4151 potuit.
2320 4051 2485 4125 Moe-

326 4196 489 4243 rore
544 4167 758 4263 igitur
805 4165 1157 4269 perculsus
1191 4166 1510 4269 Orpheus
1544 4185 1814 4243 montes
1858 4164 2200 4243 solitarios
2242 4169 2439 4270 petiit
2463 4226 2483 4259 ‚

336 4316 518 4388 quo,
556 4314 725 4361 sono
753 4284 912 4388 lyrae
930 4285 1073 4384 ejus
1094 4282 1428 4385 impulsae,
1463 4302 1891 4361 accurrerunt
1910 4284 2203 4379 arbores„
2228 4304 2294 4363 et
2320 4288 2494 4362 inter
