3217 5134
730 1922 751 1946 ,
824 1854 1054 1929 Turba
1090 1854 1265 1941 ruit,
1299 1870 1628 1953 tantaeque
1663 1850 1876 1925 virum
1911 1879 2312 1948 cognoscere
2342 1850 2532 1925 samae

831 551 962 637 514

1378 551 1457 618 P.
1518 551 1876 619 OVIDII
1930 547 2399 620 NASOMS

832 693 1405 790 Marmoreamque
1428 688 1689 774 Paron,
1721 713 2050 788 quamque
2075 686 2281 788 impia
2316 685 2616 788 prodidit
2638 691 2818 762 Arne
2859 710 2951 778 465

829 812 1128 886 Sithonis
1148 868 1166 900 ,
1206 827 1475 912 accepto
1495 866 1515 899 ,
1554 809 1738 911 quod
1770 837 1961 884 avara
1992 826 2396 910 poposcerat
2420 865 2439 895 ,
2477 838 2642 884 auro
2673 840 2689 882 ε

828 931 1092 1004 Mutata
1124 944 1225 1003 est
1256 926 1325 1000 in
1362 954 1582 1015 avem,
1624 954 1769 1027 quae
1801 952 1979 1000 nunc
2013 952 2283 1025 quoqne
2319 923 2542 1020 diligit
2572 953 2852 1010 aurum;

828 1045 1035 1139 Nigra
1071 1042 1339 1145 pedem,
1376 1042 1586 1138 nigris
1620 1040 1830 1117 velata
1856 1038 2210 1116 monedula
2247 1041 2511 1141 pennis.

827 1166 922 1236 At
952 1189 1091 1235 non
1128 1159 1395 1235 Oliaros
1416 1214 1435 1245 ,
1478 1157 1910 1258 Didymaeque
1931 1214 1950 1243 ,
1987 1174 2056 1231 et
2083 1158 2351 1244 Tenos,
2386 1174 2454 1232 et
2480 1157 2788 1248 Andros,

829 1280 920 1350 Et
957 1275 1210 1376 Gyaros
1231 1330 1250 1360 ,
1283 1272 1644 1373 nitidaeque
1683 1272 1862 1345 ferax
1895 1270 2304 1371 Peparethos
2340 1270 2530 1345 olivae
2551 1328 2571 1358 ,

2859 1293 2955 1366 47⁰

832 1390 1188 1465 Gnosiacas
1218 1390 1440 1489 juvere
1470 1406 1644 1463 rates
1674 1418 1689 1460 t
1721 1386 1921 1462 latere
1957 1387 2113 1462 inde
2147 1388 2419 1462 sinistro

831 1506 1210 1607 OEnopiam
1244 1505 1473 1579 Minos
1507 1504 1714 1605 petit,
1754 1503 2089 1578 AEacideia
2119 1530 2338 1598 regna.

830 1622 1210 1724 OEnopiam
1239 1638 1490 1695 veteres
1528 1618 1937 1721 adpellavere
1968 1649 1985 1693 z
2015 1618 2131 1693 sed
2166 1619 2307 1720 ipse

832 1739 1077 1813 AEacus
1113 1737 1425 1833 AEginam
1463 1735 1815 1832 genetricis
1845 1735 2115 1810 nomine
2151 1733 2334 1808 dixit.

824 2043 1168 2098 offendebant
1198 2042 1516 2110 nonnullos‘,
1558 2054 1618 2095 ut
1648 2042 1841 2114 Micyl-

824 2123 934 2176 lum
959 2132 1013 2175 et
1033 2121 1315 2175 Heinsimn
1329 2160 1344 2187 ,
1373 2138 1603 2190 quorum
1617 2119 1702 2172 ille
1718 2138 1844 2174 sua-

818 2201 975 2255 debat
1014 2201 1095 2254 vel
1135 2203 1505 2268 Flamntemque
1546 2218 1671 2251 anm
1704 2199 1727 2264 (
1751 2206 1842 2251 aut

821 2284 948 2334 virete
984 2278 1010 2349 )
1051 2282 1209 2351 Syma
1224 2320 1239 2343 ‚
1298 2279 1380 2333 vel
1426 2281 1704 2333 muntem
1740 2283 1848 2332 vim

825 2361 846 2426 (
872 2357 1074 2413 Achille
1097 2398 1112 2425 ,
1164 2358 1255 2428 qui
1297 2358 1386 2412 illo
1432 2368 1670 2426 tempore
1708 2355 1847 2427 apud

823 2437 1184 2509 Lycomedem
1233 2438 1538 2492 servabatur
1574 2439 1595 2504 )
1643 2439 1846 2508 Scsmn.

820 2514 929 2568 Hic
966 2513 1191 2568 malebat
1212 2554 1225 2580 ,
1265 2517 1636 2583 Floralemque
1676 2518 1846 2586 thymo

820 2593 1051 2660 Crthaeoae
1083 2590 1166 2644 vel
1200 2592 1390 2659 Syron
1430 2589 1845 2646 laudatissimum

823 2667 971 2721 enim
993 2667 1148 2721 fuisse
1186 2686 1347 2721 omne
1371 2667 1476 2720 mel
1515 2667 1844 2740 Cycladium.

823 2745 951 2800 Sine
981 2764 1147 2799 causa.
1177 2748 1384 2799 Floreat
1407 2749 1590 2800 civitas
1613 2747 1846 2800 omnino

819 2823 1022 2894 pollens
1036 2823 1220 2894 opibus
1236 2863 1253 2890 ,
1276 2822 1540 2893 opulenta.
1557 2821 1669 2879 Cic.
1691 2825 1843 2881 Rosc.

826 2905 886 2957 18
905 2943 921 2971 ,
957 2904 1185 2973 majores
1209 2906 1561 2971 rempublicam
1569 2907 1841 2971 florentis-

819 2988 1001 3033 simam
1036 2984 1184 3034 nobis
1217 2985 1531 3050 reliquerunt.
1564 2980 1845 3036 Cornelius

821 3059 954 3129 Nep.
978 3075 1075 3111 xxl
1094 3098 1110 3124 ‚
1135 3079 1162 3110 a
1180 3097 1196 3124 ,
1217 3060 1669 3127 Decessilfiorenle
1676 3080 1843 3127 regno.

820 3137 1089 3204 —Scymm
1108 3134 1347 3202 Quidam
1368 3155 1489 3191 cum
1516 3137 1678 3192 MSS.
1701 3156 1844 3191 non-

819 3212 975 3267 nullis
999 3222 1220 3266 tnentur
1232 3215 1417 3282 Syron,-
1441 3234 1563 3268 nam
1583 3215 1694 3268 haec
1707 3235 1844 3285 quo-

818 3311 920 3361 que
936 3309 1041 3344 una
1057 3311 1117 3345 ex
1135 3289 1476 3363 Cycladibus3
1504 3294 1732 3362 reliquas
1747 3314 1840 3348 va-

820 3369 1031 3424 rietates
1045 3387 1160 3439 quae
1180 3368 1360 3422 multae
1378 3382 1501 3424 sunt
1514 3390 1623 3424 non
1643 3383 1842 3441 repeto.

879 3446 992 3513 465.
1016 3449 1445 3517 Marmoreamque
1468 3452 1653 3502 Paron.
1677 3450 1841 3503 Paros

818 3525 979 3579 etiam
995 3544 1102 3579 una
1116 3545 1146 3579 e
1163 3524 1476 3597 Cycladibus
1488 3567 1502 3594 ,
1523 3528 1696 3597 primo
1713 3528 1837 3582 Pla·

816 3613 930 3669 tea,
957 3602 1151 3656 deinde
1180 3603 1379 3657 Minois
1410 3604 1662 3674 appellata
1679 3645 1694 3671 ,
1724 3625 1840 3676 que

812 3678 1044 3749 lapidem
1059 3680 1327 3749 producit,
1350 3700 1509 3751 quem
1531 3694 1720 3737 vocant
1733 3684 1841 3737 Pa-

817 3758 957 3810 rium
969 3797 983 3823 ,
1004 3757 1066 3810 ad
1084 3776 1406 3811 marmoreas
1423 3759 1712 3829 sculpturas
1734 3779 1839 3831 ap-

814 3835 1093 3889 tissimum.
1108 3837 1207 3887 Ed.
1230 3860 1297 3876 ·—
1326 3838 1580 3904 Quamque
1603 3848 1701 3890 etc.
1725 3838 1839 3891 Fa-

817 3913 938 3966 bula
986 3913 1162 3982 ignota
1196 3952 1212 3978 ‚
1263 3911 1384 3965 hinc
1428 3913 1580 3967 lectio
1624 3915 1838 3969 incerta.

820 3992 1081 4046 Revocavi
1106 3991 1353 4061 equidem
1379 4004 1610 4046 veterem
1644 4013 1671 4047 a
1697 3995 1838 4047 Bur-

816 4088 1016 4124 manno
1039 4080 1266 4136 motam,
1295 4089 1535 4139 quamque
1549 4076 1838 4139 1‘mpe'apro-

818 4151 954 4200 didit
981 4151 1135 4201 Arne.
1156 4176 1223 4187 —
1248 4148 1325 4200 Ex
1356 4150 1619 4201 sententia
1657 4158 1835 4204 tamen

818 4222 1073 4278 Lactantii
1097 4225 1205 4294 lege
1222 4227 1365 4278 Ame
1379 4267 1392 4285 .
1417 4227 1744 4282 nominativo
1759 4247 1838 4281 ca·

817 4317 894 4356 su.
913 4302 1012 4355 Ed.
1038 4301 1302 4355 Praeterea
1319 4321 1415 4372 pro
1433 4305 1658 4358 Silboaet's
1673 4305 1836 4358 Hein-

2853 1873 2957 1943 ⁴7⁵

1938 2042 2045 2096 sius
2068 2041 2281 2109 conjicit
2301 2042 2525 2107 Siphno:
2540 2081 2555 2100 ‚
2577 2048 2629 2093 e!
2641 2049 2867 2108 accepto,
2889 2054 2950 2095 nt

1939 2119 2162 2174 all-asum
2176 2119 2245 2174 sit
2258 2118 2321 2173 ad
2350 2117 2672 2173 aurisodinas
2689 2119 2950 2188 Siphnius,

1940 2197 2007 2251 de
2043 2197 2229 2268 quibus
2266 2196 2416 2267 plura
2449 2198 2727 2266 congessit.
2766 2197 2947 2264 Certe,

1938 2296 2051 2332 non
2078 2277 2197 2331 satis
2221 2287 2467 2347 apparet,
2500 2295 2599 2330 cur
2618 2275 2845 2331 Ovidius
2863 2278 2950 2331 in-

1936 2355 2063 2411 sula
2085 2355 2244 2425 ipsius
2269 2373 2470 2409 nomen
2491 2355 2732 2409 omiserit
2751 2366 2804 2409 et
2825 2355 2946 2425 peri·

1934 2435 2107 2505 phrasi
2128 2436 2345 2490 obscura
2363 2454 2487 2489 usus
2503 2436 2941 2496 sit—Honesti«,-

1937 2513 2060 2583 quia
2099 2532 2463 2583 sepenumero
2505 2522 2736 2567 monetas
2777 2533 2943 2567 aureas

1938 2594 2110 2647 aufert
2127 2633 2143 2660 ,
2176 2592 2300 2647 inde
2324 2612 2526 2647 nornen
2550 2596 2806 2665 accepisse
2825 2614 2943 2649 ere-

1943 2672 2182 2728 debatur.
2204 2702 2272 2713 —
2306 2675 2506 2738 Velan‘,
2531 2673 2597 2727 de
2619 2677 2816 2743 pennis
2838 2715 2854 2742 ,
2894 2685 2944 2727 ut

1938 2749 2110 2817 x111,
2145 2753 2222 2806 5³.

2002 2829 2113 2898 47²·
2134 2829 2379 2896 OEnoptioe,
2394 2839 2448 2881 et
2465 2828 2650 2881 OEuone
2665 2836 2790 2879 ante
2816 2825 2943 2882 dicta

1936 2903 2022 2957 illa
2065 2904 2248 2960 insula.
2300 2904 2574 2976 Euripides
2611 2904 2670 2958 in
2709 2905 2941 2976 Iphigen.

1939 2980 2189 3055 Aul.699,
2207 2987 2315 3044 Ζεύς
2331 2989 2498 3039 Aba&
2517 2984 2560 3038 δ’
2581 2989 2739 3056 ἔφυσεν
2751 2987 2938 3044 Οἰνόης

1935 3064 2117 3133 τρέμον.
2132 3060 2213 3113 Ita
2227 3071 2281 3115 et
2296 3061 2578 3116 Pausanias
2590 3101 2606 3129 ,
2636 3061 2820 3131 Cor.p.
2841 3080 2933 3113 ιυ-

1937 3137 2236 3207 Stephanus
2274 3139 2341 3193 de
2377 3140 2528 3194 Urbe
2567 3145 2749 3204 Οἰνώνη
2767 3181 2782 3208 ,
2820 3153 2933 3201 vim

1934 3225 2024 3286 μία
2055 3230 2145 3272 τῶν
2169 3225 2418 3274 Δὶκκίὰιν.
2453 3220 2598 3274 Hinc
2621 3231 2677 3274 et
2699 3220 2836 3274 huuc
2855 3220 2933 3272 Ιο-

1934 3314 2058 3350 cum
2080 3296 2296 3366 quidam
2318 3297 2676 3352 emendarunt
2703 3300 2931 3351 OEaeom:

1932 3376 2046 3429 sine
2090 3395 2255 3430 causa.
2302 3377 2517 3431 Etenim
2560 3388 2616 3432 et
2650 3377 2895 3433 Pindarus
2914 3416 2927 3439 .

1935 3452 2062 3508 Isth.
2085 3470 2192 3507 vm
2208 3494 2223 3520 ,
2252 3456 2346 3520 43,
2382 3465 2518 3512 νᾶσον
2542 3464 2763 3512 Οἰνοπίαν
2787 3456 2928 3518 dixit,

1934 3541 1990 3584 et
1998 3531 2190 3585 Noster
2206 3551 2327 3585 mox
2346 3535 2560 3602 OEaeopt‘t‘
2570 3539 2712 3588 muri.
2725 3535 2906 3589 Nomia

1934 3619 2110 3661 autem
2129 3608 2368 3677 ejusdem
2390 3610 2491 3664 loci
2502 3609 2706 3666 diversa
2719 3613 2788 3666 sic
2802 3629 2908 3666 com

1934 3697 2302 3741 memorantur
2338 3699 2394 3741 et
2424 3689 2545 3743 alibi
2582 3708 2611 3742 a
2645 3690 2808 3759 poetis
2832 3729 2847 3755 ,
2883 3698 2932 3741 ut

1935 3764 2061 3817 AEn.
2097 3765 2155 3831 1,
2193 3767 2302 3818 108.
2332 3794 2400 3806 --
2436 3769 2682 3834 ‘Egebat
2703 3777 2798 3820 etc.
2827 3763 2934 3818 Vid-

1932 3840 2229 3895 Munkerus
2246 3842 2310 3896 ad
2336 3844 2539 3916 Hygini
2566 3844 2796 3898 fabulam
2819 3849 2894 3897 52.

1998 3920 2112 3987 474.
2143 3922 2351 3974 Mas.
2375 3919 2604 3975 AEacnm
2627 3921 2777 3975 Jovis
2796 3922 2933 3976 suisne

1933 3993 2102 4048 filium
2125 4008 2355 4052 constat:
2371 3999 2455 4053 cui
2471 4010 2576 4054 tres
2591 4003 2812 4054 suerunt
2827 3998 2905 4051 filii
2917 4035 2932 4060 ‚

1934 4070 2194 4127 Telamon
2212 4115 2225 4138 ,
2255 4076 2443 4130 Peleus
2458 4087 2511 4131 et
2529 4076 2758 4131 Phocus.
2773 4075 2852 4129 De
2867 4072 2932 4126 his

1931 4147 2051 4204 vide
2077 4151 2140 4206 ad
2166 4152 2246 4207 xl
2265 4192 2280 4220 ,
2308 4153 2419 4223 267.
2449 4180 2517 4196 —·
2541 4157 2774 4208 Noniae.
2811 4152 2936 4206 Hinc

1932 4239 2048 4282 orta
2082 4229 2120 4281 J
2123 4231 2311 4284 unonis
2347 4230 2568 4298 invidia,
2613 4232 2933 4300 immissaque

1931 4306 2239 4376 pestilentia.
2259 4310 2357 4362 Ed.
