3217 5134
579 554 1264 624 ME'I'AMORPH
1288 557 1628 626 OSEON
1674 561 1869 627 LIB.
1921 561 2105 629 VII.

2260 561 2420 657 459,

275 721 309 753 »
343 691 436 763 Et
464 691 591 766 Dis
621 722 767 767 cara
800 693 972 768 ferar
992 749 1012 784 ,
1048 712 1115 768 et
1147 695 1387 770 vertice
1423 696 1639 771 sidera
1679 715 1959 793 tangam.

272 837 308 868 υ
347 805 536 902 Quid
558 863 577 894 ‚
616 808 799 908 quod
830 808 1056 884 nescio
1091 811 1207 911 qui
1239 811 1473 885 mediis
1504 839 1895 886 concurrere
1929 813 2002 886 in
2032 816 2230 891 undis

276 952 310 984 ι)
351 920 686 996 Dicuntur
712 942 974 999 montes
995 981 1016 1013 ,
1050 926 1439 1027 ratibusque
1471 926 1734 1002 inimica
1769 929 2177 1029 Charybdis,

272 1068 306 1099 2>
348 1039 543 1112 Nunc
570 1040 839 1115 sorbere
874 1040 1147 1130 fretum,
1178 1071 1358 1116 nunc
1391 1041 1703 1130 reddere;
1734 1043 2077 1146 cinctaque
2114 1047 2298 1122 saevis

274 1182 309 1215 >³
355 1151 573 1253 Scylla
602 1183 800 1256 rapax
832 1156 1108 1231 canibus
1147 1156 1371 1232 Siculo
1406 1156 1643 1232 latrare
1670 1159 2063 1261 profundo?
2329 1184 2399 1237 65

276 1304 311 1337 >³
351 1277 606 1377 Nempe
633 1294 864 1352 tenens
888 1279 1072 1380 quod
1105 1308 1288 1369 amo,
1317 1281 1702 1381 gremioque
1728 1282 1801 1354 in
1826 1283 2084 1357 Iasonis
2109 1284 2396 1374 haerenS,

269 1517 410 1561 γαμος
445 1505 501 1547 et
538 1502 813 1563 αἱνολεχὴς,
838 1496 1069 1566 conjugii
1111 1495 1291 1549 infelix

270 1571 456 1639 passim
471 1571 538 1625 ab
552 1571 776 1642 Orpheo
790 1573 996 1627 dicitur.
1006 1601 1073 1614 —
1094 1577 1292 1628 Ver-lice

271 1653 438 1701 sidem
480 1659 708 1719 tangam.
757 1652 958 1705 Passim
1007 1664 1292 1706 occurrunt

273 1728 408 1797 apud
422 1741 606 1799 poetas
623 1729 741 1799 Dii,
760 1732 849 1800 qui
867 1732 937 1785 ita
951 1751 1004 1786 se
1025 1732 1288 1801 attollunt,

275 1818 332 1860 ut
352 1810 568 1880 vestigia
604 1821 806 1880 ponant
828 1811 885 1865 in
923 1821 1063 1865 terra
1081 1852 1096 1879 ‚
1123 1813 1290 1882 capite

273 1898 451 1942 autem
466 1889 653 1944 calum
671 1903 891 1961 tangant
905 1911 917 1944 z
931 1893 1005 1946 sic
1019 1892 1158 1962 apud
1173 1892 1290 1946 Cal·

274 1963 560 2021 limachum
581 2008 596 2035 ,
622 1967 675 2020 h.
703 1968 886 2022 Cerer.
913 1973 1006 2042 49,
1033 1980 1086 2023 et
1112 1971 1293 2040 virgi-

272 2041 404 2097 lium
422 2084 437 2111 ,
456 2045 584 2099 AEn.
608 2044 709 2111 IV,
737 2045 844 2117 176.
862 2045 1008 2098 Hinc
1029 2045 1179 2099 fluxit
1191 2046 1294 2098 sor·

272 2121 419 2175 mula
462 2122 630 2192 poetis
671 2123 937 2176 familiaris
980 2123 1205 2190 (Horat.
1231 2124 1256 2177 1
1276 2162 1291 2190 ‚

275 2198 385 2252 od.
401 2216 423 2250 1
441 2239 457 2265 ,
474 2200 565 2264 363
585 2200 799 2267 Noster,
816 2201 840 2254 1
858 2201 994 2255 Fast.
1010 2197 1151 2270 210).
1181 2204 1296 2254 Ver·

273 2282 375 2331 tice
397 2281 576 2331 celum
585 2280 749 2347 stn’re
762 2320 777 2343 ,
815 2291 905 2334 aut
936 2288 1163 2349 tangere,
1194 2299 1299 2350 qua

275 2355 513 2423 primum
536 2357 797 2411 immensa
820 2369 876 2411 et
901 2369 1118 2430 augusta
1140 2378 1298 2430 que-

276 2431 399 2486 dam
426 2434 679 2501 altitude,
705 2434 897 2489 deinde
922 2437 1137 2507 insignis
1161 2457 1297 2507 que·

276 2509 401 2564 dam
426 2523 479 2566 et
506 2512 619 2582 plus
643 2531 802 2582 quam
826 2513 1061 2567 humana
1083 2515 1297 2570 felicitas

275 2592 684 2662 exprimebatur.
724 2594 989 2648 Ausonius
1006 2634 1021 2661 ,
1049 2593 1127 2650 ld.
1152 2611 1260 2648 vul
1278 2635 1295 2664 ,

277 2671 338 2720 52
360 2688 374 2722 z
400 2676 506 2723 lum
540 2677 707 2739 terque
739 2680 1010 2741 quaterque
1038 2676 1216 2726 beatus
1218 2714 1295 2729 .....

273 2750 378 2797 tum
408 2753 618 2815 tangant
642 2753 825 2802 oerle’oe
845 2753 1036 2801 celum.

338 2824 420 2879 62.
463 2829 608 2893 Quid
624 2867 639 2888 ‚
678 2830 816 2896 quod
834 2833 1005 2882 nescio
1029 2838 1128 2882 etc.
1168 2827 1296 2882 Esse

277 2903 497 2969 quidem
510 2904 741 2974 pericula
754 2905 1012 2958 nonnulla
1024 2904 1297 2959 subeunda

275 2976 523 3052 intelligit
539 3022 555 3048 ‚
593 2981 687 3036 sed
725 2983 964 3037 animum
1009 2984 1161 3053 erigit
1197 3001 1295 3050 eo,

277 3061 421 3128 quod
436 3063 696 3117 Jasonem
721 3081 877 3115 suum
906 3061 1095 3116 habeat
1130 3062 1298 3114 comi-

275 3143 666 3193 tem.-1Uedi1's
678 3149 774 3192 etc.
794 3139 1030 3208 Intellige
1047 3137 1295 3212 Cyanee,

275 3212 461 3272 insulae
478 3259 497 3285 ‚
520 3237 613 3272 seu
641 3228 832 3289 petre,
854 3228 1039 3271 contra
1061 3218 1297 3271 Pontum

276 3288 553 3350 Euxinum
577 3335 592 3362 ‚
618 3315 735 3365 quae
764 3315 928 3366 quum
954 3305 1166 3366 propter
1189 3315 1297 3348 an-

279 3384 497 3440 gustum
508 3376 787 3429 tramitum
801 3394 865 3427 ex
876 3373 1114 3427 illusione
1127 3374 1299 3443 opticn

278 3464 570 3504 concurrere
584 3450 892 3504 viderentur
908 3449 1267 3520 navigantibus
1278 3487 1295 3516 ,

280 3530 634 3597 συμπληγάδες,
653 3530 960 3604 συνδρομάδις
972 3567 986 3594 ,
1004 3528 1297 3603 συνορμᾶδες,

280 3611 334 3654 et
350 3612 699 3660 concurrentia
717 3626 852 3660 saxa
867 3604 1201 3659 dicebantur:
1217 3605 1301 3657 vi-

281 3676 349 3733 de
391 3683 568 3738 Schol.
608 3682 872 3754 Euripidis
895 3723 911 3749 ‚
941 3682 1005 3735 ad
1042 3681 1187 3736 Med.
1232 3703 1297 3748 ας

287 3759 589 3831 Totum-sor!
598 3804 611 3824 ,
635 3766 690 3816 V
679 3783 710 3820 o
702 3783 839 3835 fage
851 3766 921 3816 du
930 3764 1156 3829 zemam-
1172 3771 1298 3815 tom.

282 3858 313 3891 2
332 3881 349 3908 ‚
376 3862 427 3911 1>-
463 3849 557 3916 ¹49
576 3864 687 3914 sqq·

345 3918 430 3974 63.
472 3924 767 3992 Charybdis.
799 3920 945 3974 Nihil
971 3920 1026 3974 in
1051 3921 1188 3975 freto
1212 3920 1301 3975 si-

279 3994 403 4046 culo
452 3999 677 4052 nobilius
726 4000 987 4068 Charybdi
1021 4009 1076 4051 et
1112 4001 1299 4070 Scylla.

283 4070 592 4141 Charybdim
606 4115 620 4136 ,
637 4079 830 4127 ratibus
842 4116 855 4137 ‚
873 4093 1002 4143 quas
1016 4076 1304 4145 appropin-

281 4158 509 4212 quantes
523 4150 940 4217 absorbet‚hodie
957 4151 1132 4205 minus
1141 4170 1301 4221 quam

284 4223 414 4278 olim
436 4235 717 4292 inimi-am,
750 4229 908 4283 efficit
936 4231 1303 4284 vehementior

285 4304 556 4362 undarum
570 4307 737 4364 fluxus
754 4309 849 4364 sibi
861 4309 1087 4366 invicem
1099 4320 1303 4365 contra·

1388 1498 1496 1552 rius
1508 1536 1525 1565 ,
1542 1509 1602 1552 ut
1616 1499 1904 1555 observavit
1920 1502 2079 1556 etiam
2092 1522 2264 1574 nuper
2274 1503 2403 1577 Bry-

1389 1572 1514 1626 don.
1538 1581 1593 1628 in
1618 1579 1773 1629 Herse
1790 1581 1924 1629 nach
1953 1581 2181 1644 &tillem
2200 1592 2325 1634 tom.
2348 1583 2401 1647 l,

1388 1651 1553 1722 Epist.
1580 1669 1665 1707 111.
1686 1655 1907 1708 Veteres
1923 1667 2100 1709 autem
2118 1669 2404 1728 putarunt,

1386 1730 1441 1783 in
1468 1730 1602 1783 mari
1627 1750 1736 1785 esse
1752 1733 2007 1786 vorticem
2025 1774 2040 1801 ,
2058 1734 2246 1790 fluctus
2263 1756 2408 1791 nunc

1387 1812 1661 1860 sorbentem
1681 1811 1896 1875 (sorbere
1909 1821 1962 1863 et
1975 1816 2244 1876 resorbere,
2268 1815 2411 1890 ἀναῤ-

1386 1890 1584 1961 peccem-u
1600 1924 1616 1951 ,
1647 1887 1864 1954 ponitur
1887 1885 1953 1939 de
1976 1888 2245 1959 vortice),
2263 1910 2407 1944 nunc

1387 1966 1685 2015 reddentem.
1701 1991 1769 2003 —
1786 1965 1962 2035 Scylla
1982 1964 2172 2034 (hodie
2187 1967 2407 2039 Sciglio)

1390 2040 1819 2108 promontorium
1856 2051 2125 2110 petrosum
2163 2044 2220 2096 in
2253 2044 2406 2099 litore

1395 2113 1649 2169 Calabria
1663 2157 1677 2184 ,
1702 2118 1765 2171 ad
1782 2118 1923 2187 quod
1945 2121 2172 2173 maximo
2186 2141 2308 2176 cum
2320 2142 2409 2176 so-

1391 2192 1509 2248 nitu
1524 2193 1813 2249 alliduntur
1827 2195 1984 2251 unde
1996 2198 2133 2252 freti.
2154 2198 2410 2255 Cinctum

1391 2282 1471 2325 est
1491 2273 1712 2342 scopulis
1735 2294 1764 2328 e
1793 2276 1925 2329 mari
1949 2278 2371 2346 prominentibus
2389 2319 2407 2347 ,

1391 2350 1446 2403 in
1465 2350 1653 2419 quibus
1668 2351 1928 2421 spelunca
1940 2393 1956 2420 ,
1976 2356 2164 2424 quibus
2187 2368 2412 2427 augetur

1389 2430 1636 2500 strepitus
1677 2431 1762 2485 ille
1800 2432 2079 2487 undarum.
2125 2437 2242 2491 Hos
2278 2456 2409 2507 ergo

1392 2510 1617 2563 Veteres
1641 2510 1888 2577 (Homer.
1932 2511 2038 2567 Od.
2069 2524 2144 2580 Μ,
2175 2514 2236 2584 73
2255 2534 2408 2584 sqq.;

1393 2586 1541 2657 Virg.
1566 2586 1693 2642 AEn.
1721 2589 1805 2643 111
1821 2629 1836 2655 ,
1863 2591 1999 2658 424)
2023 2609 2146 2644 cum
2172 2597 2404 2661 canibus,

1390 2665 1583 2719 scilicet
1607 2666 1825 2720 marinis
1836 2707 1852 2733 ,
1868 2673 2015 2721 sepis
2031 2679 2086 2722 et
2105 2675 2407 2724 lale-anulus

1391 2743 1559 2815 (quod
1579 2746 1800 2798 verbum
1819 2747 1977 2799 etiam
1997 2747 2061 2800 de
2075 2750 2296 2817 strepitu
2312 2769 2406 2803 un·

1391 2821 1578 2874 darum
1596 2861 1613 2888 ,
1635 2822 1772 2891 apud
1791 2823 1938 2892 Virg.
1962 2824 2087 2877 AEn.
2101 2826 2211 2880 Vll
2225 2864 2240 2890 ,
2270 2827 2407 2897 538)

1390 2908 1766 2967 compararunt
1786 2938 1801 2963 ,
1838 2898 2067 2970 Scyllam
2101 2911 2279 2954 autem
2311 2902 2404 2972 ip·-

1390 2993 1502 3028 sam
1525 2995 1647 3028 cum
1670 2986 1910 3029 monstro
1930 2976 2201 3030 horrendo
2218 3016 2234 3044 ,
2253 2980 2404 3046 cujus

1391 3054 1545 3106 facies
1575 3054 1712 3106 varie
1747 3073 1778 3106 a
1802 3054 1998 3123 poetis,
2030 3065 2085 3107 et
2115 3055 2171 3107 in
2199 3074 2408 3112 monu—

1393 3132 1588 3186 mentis
1609 3134 1931 3202 exprimitur.
1959 3134 2079 3189 Vid.
2103 3135 2406 3208 Brydon.‹l.

1391 3209 1425 3263 l.
1454 3238 1521 3251 -
1551 3214 1746 3264 cincta.
1779 3212 1868 3266 Sic
1899 3220 2160 3268 succendo
2195 3221 2408 3270 cambus

1328 3297 1335 3304 ‘
1395 3287 1582 3358 Scylla,
1599 3288 1737 3357 apud
1753 3289 1959 3344 Lucret.
1975 3291 2044 3357 V,
2059 3293 2191 3365 89o;
2217 3292 2404 3372 Τὶῐκδ,

1394 3367 1458 3432 4,
1485 3367 1549 3439 89
1567 3389 1580 3431 ;
1601 3369 1748 3439 Virg.
1771 3368 1881 3422 Ecl.
1904 3370 1981 3422 Vl
1998 3410 2012 3437 ,
2035 3376 2111 3440 75.
2135 3371 2406 3426 Ceterum

1395 3444 1552 3508 etiam
1579 3446 1880 3512 Homerus,
1904 3447 2010 3500 od.
2032 3448 2126 3515 M,
2158 3451 2253 3522 (iffi
2282 3451 2404 3504 Or·—

1395 3521 1560 3592 pheus
1578 3561 1594 3588 ,
1635 3524 1760 3593 Arg.
1785 3543 1939 3577 versu
1970 3527 2123 3592 ¹²473
2162 3527 2404 3595 Apollod.
2463 3587 2468 3594 ,

1395 3622 1444 3672 p.
1460 3603 1525 3655 65
1543 3642 1558 3668 ,
1579 3604 1796 3655 tradunt
1810 3642 1825 3670 ,
1846 3605 2178 3672 Argonautas
2193 3606 2276 3658 illa
2295 3606 2407 3659 loca

1396 3690 1712 3749 penetrasse.
1731 3681 1889 3734 Cons.
1913 3682 2134 3734 Heroid.
2150 3682 2276 3748 ΧΠ,
2300 3685 2408 3736 123.

1473 3759 1554 3812 56.
1613 3761 1796 3812 Tenere
1835 3760 2101 3829 eleganter
2146 3760 2372 3814 dicimur
2390 3802 2406 3828 ,

1397 3855 1557 3905 quem
1580 3838 1732 3889 nobis
1754 3838 2008 3890 donatum
2033 3850 2122 3891 aut
2144 3851 2408 3894 servatum

1396 3914 1651 3969 habemus
1664 3956 1680 3982 ,
1693 3915 1928 3985 adeoque
1946 3917 2053 3969 sere
2068 3918 2411 3989 conjungitur

1395 4012 1519 4047 cum
1540 3998 1867 4061 amplexibus.
1903 3993 1992 4047 Sic
2014 4004 2068 4047 et
2095 3996 2231 4048 infra
2256 4016 2410 4051 versu

1404 4075 1510 4139 143.
1540 4073 1676 4125 Vide
1705 4073 1768 4126 ad
1798 4072 1933 4126 Ptin.
1960 4073 2037 4127 VI
2056 4114 2071 4140 ,
2095 4068 2192 4144 Ep.
2217 4093 2297 4128 vn
2318 4116 2333 4144 ‚
2366 4099 2408 4132 1.

1395 4156 1753 4218 -Quodamm
1778 4161 1835 4203 ut
1850 4170 2003 4204 versu
2016 4154 2099 4218 23,
2109 4158 2407 4221 φωτίσει-ε.

1395 4258 1464 4273 -
1483 4233 1658 4297 Longa
1672 4270 1685 4293 ,
1704 4231 1988 4301 longinqua
2002 4273 2017 4298 ,
2037 4243 2094 4285 ut
2115 4234 2248 4287 vlu
2265 4273 2279 4298 ,
2303 4237 2411 4301 ¹4²·

1398 4337 1463 4350 —
1481 4311 1681 4363 Trabar
1691 4327 1835 4364 nunc
1847 4328 1961 4364 non
1976 4308 2041 4363 de
2056 4310 2286 4365 violento
2300 4329 2412 4376 rap·
