3217 5134
694 516 787 601 24
1457 516 2034 585 PRAEFA‘rlo

686 672 756 730 et
790 680 937 755 quae
968 651 1166 755 plura
1196 671 1587 755 sequuntur.
1639 653 1965 757 Myrrha,
2019 657 2125 742 X,
2163 653 2306 749 455
2331 709 2352 743 ,

847 805 1221 888 Nutricisque
1249 827 1476 867 manum
1505 805 1647 869 laeva
1672 819 1866 880 tenen
1899 807 2070 869 altera
2101 818 2269 869 motu

852 904 1095 966 Caecum
1122 903 1232 965 iter
1250 906 1508 988 explorat
1539 929 1555 967 ε
1578 905 1805 969 thalami
1833 909 1943 988 jam
1965 906 2157 967 limina
2181 905 2403 988 augin

849 1004 1095 1085 Jamque
1121 1002 1273 1065 fores
1305 1005 1520 1087 aperit;
1548 1007 1660 1086 jam
1688 1005 1919 1068 ducitur
1946 1007 2107 1069 intus
2134 1030 2149 1068 :
2180 1020 2238 1068 at
2267 1005 2351 1066 illi

846 1102 1074 1184 Poplite
1096 1102 1368 1165 succiduo
1399 1125 1585 1187 genua
1607 1106 1952 1167 intremuere
1968 1150 1987 1181 ‚
2018 1118 2125 1167 etc.

690 1232 1043 1305 Innumera
1075 1227 1223 1304 loca
1257 1230 1760 1305 transcribenda
1793 1249 2046 1319 essent,
2084 1231 2143 1305 si
2170 1230 2395 1306 onmia
2420 1227 2672 1305 adferre
2697 1229 2837 1304 vel-

690 1354 822 1449 lem
843 1411 863 1444 ,
902 1382 1047 1456 quae
1073 1353 1199 1428 hac
1225 1383 1293 1429 se
1314 1356 1558 1430 virtute
1590 1357 2076 1432 commendant.
2116 1360 2207 1432 Et
2227 1356 2590 1431 innumeris
2612 1355 2835 1430 modis

691 1478 1036 1574 ingenium
1056 1478 1443 1568 ostentavit,
1471 1478 1681 1570 aliter,
1710 1484 1846 1572 ΙΙΙ,
1883 1481 2059 1575 380,
2098 1484 2166 1557 ἰιι
2199 1482 2490 1557 Narcissi
2517 1499 2586 1556 et
2608 1481 2838 1556 Echus

696 1602 1069 1704 colloquio;
1100 1603 1308 1693 aliter,
1331 1607 1496 1694 VH,
1535 1604 1722 1696 813,
1747 1607 1817 1681 in
1850 1607 2135 1709 Cephali
2170 1606 2527 1693 cantilena3
2553 1603 2745 1681 aliter
2768 1606 2841 1681 in

703 1732 1131 1827 conversione
1163 1732 1475 1834 quadam,
1513 1736 1584 1823 Ι,
1627 1760 1785 1836 700.
1822 1735 2029 1810 Mitto
2050 1735 2406 1810 sententias
2426 1732 2798 1831 ingeniosas
2817 1789 2837 1822 ,

702 1862 950 1966 qualis,
985 1866 1082 1953 Π,
1131 1861 1215 1936 13
1235 1919 1255 1953 ,
1266 1863 1470 1967 saczka·
1502 1893 1622 1938 non
1654 1865 1932 1939 omnibus
1964 1894 2118 1952 una,
2174 1869 2317 1942 Nec
2334 1865 2568 1942 diversa
2596 1879 2794 1938 tamen
2812 1922 2834 1950 ,

698 1990 938 2092 qualem
964 1988 1134 2064 dccet
1166 2018 1294 2064 esse
1316 2018 1606 2064 sororum.
1646 1989 1754 2064 Ad
1781 2019 1855 2064 ea
1888 2010 2388 2092 praevertamus,
2427 2020 2574 2094 quae
2605 1991 2840 2065 vitiose

700 2117 772 2190 in
802 2115 931 2190 hoc
961 2145 1195 2211 genere
1232 2116 1317 2190 ab
1350 2145 1429 2191 eo
1466 2116 1715 2216 scripta
1746 2134 1926 2190 sunt.

798 2245 1053 2342 Nempe
1088 2241 1368 2318 luxun‘at
1391 2260 1459 2317 et
1480 2239 1739 2317 lascivit
1760 2242 1903 2341 ejus
1925 2240 2226 2341 &ngenium
2257 2268 2395 2314 non
2419 2258 2603 2327 raro,
2632 2267 2842 2341 quum

699 2397 823 2443 nec
856 2366 1129 2442 modum
1160 2368 1231 2440 in
1265 2366 1469 2441 rebus
1502 2365 1902 2441 exornandis
1938 2381 2185 2453 teneat,
2232 2394 2352 2440 nec
2393 2363 2571 2467 quid
2613 2362 2843 2437 deceat

707 2511 927 2575 curem
960 2521 1158 2594 qnam
1189 2489 1515 2566 luxuriem
1534 2492 1666 2590 jam
1696 2491 1961 2577 Seneca,
1986 2491 2301 2564 Controv.
2323 2492 2644 2579 XXVIII,
2664 2490 2733 2563 in
2762 2517 2842 2562 eo

702 2606 1034 2723 vituperat
1063 2650 1080 2695 ε
1115 2647 1253 2696 non
1284 2617 1505 2695 minus
1536 2618 1714 2695 enim
1743 2646 2048 2714 magnam
2083 2617 2396 2691 virtutem
2431 2644 2577 2691 esse
2603 2673 2623 2704 ,
2676 2616 2846 2691 scire

707 2746 1000 2822 desinere
1022 2802 1043 2834 ,
1081 2772 1280 2846 quam
1312 2743 1479 2819 scire
1515 2742 1750 2818 dicere.
1800 2744 1965 2844 Ejus
2012 2760 2234 2819 autem
2276 2744 2419 2818 vitii
2456 2741 2836 2846 exemplum

710 2890 1032 2951 memorat
1062 2888 1258 2972 atque
1286 2870 1573 2965 exagitat
1595 2868 1762 2945 alter
1783 2869 2062 2956 Seneca,
2096 2871 2178 2943 N.
2217 2870 2306 2966 Q.
2329 2926 2349 2957 ,
2383 2871 2525 2959 III,
2558 2896 2683 2970 273
2722 2868 2846 2943 ubi

708 3016 970 3084 monet,
1006 2996 1326 3072 Ovidium
1359 2995 1428 3069 in
1460 2995 1711 3070 diluvio
1748 2993 2195 3070 Deucalioneo
2226 3024 2352 3096 pro
2386 2994 2842 3091 magnitudine

708 3123 806 3200 rei
839 3122 1113 3210 dixisse,
1162 3118 1394 3196 Omnia
1411 3135 1642 3220 pontus
1666 3135 1872 3207 erant,
1930 3119 2047 3194 sed
2079 3148 2234 3193 mox
2261 3147 2414 3193 eum
2441 3118 2525 3194 ad
2555 3119 2844 3221 pueriles
2905 3222 2910 3228 Ι

715 3246 999 3348 ineptias
1048 3243 1337 3323 delatum
1364 3301 1384 3334 ,
1430 3248 1576 3321 Nat
1622 3247 1803 3345 lupus
1845 3246 2003 3320 inter
2034 3274 2210 3333 oves,
2270 3264 2392 3321 etc.
2434 3274 2622 3320 :non
2668 3246 2846 3321 enim

716 3399 858 3446 esse
893 3398 1030 3444 rem
1067 3368 1226 3447 satis
1261 3368 1594 3457 sobriam,
1623 3368 1918 3447 lascivire
1951 3370 2261 3449 devorato
2297 3372 2459 3448 orbe
2490 3389 2845 3460 terrarum3

713 3495 1056 3599 magnifice
1077 3495 1327 3575 dictum
1346 3524 1486 3573 esse
1508 3496 1675 3571 hoc:
1696 3496 2079 3599 Exspatiata
2098 3511 2410 3599 mamper
2427 3513 2687 3600 apertos,
2719 3513 2842 3571 etc.

714 3623 916 3700 modo
946 3652 1084 3697 non
1118 3641 1448 3715 curasset,
1485 3622 1649 3724 quid
1684 3649 1838 3697 oves
1869 3639 1937 3696 et
1968 3620 2113 3727 lupi
2147 3619 2426 3701 fecerint
2449 3652 2465 3696 ε
2492 3621 2704 3696 natari
2730 3650 2849 3697 au·

716 3767 848 3825 tem
867 3749 935 3822 in
953 3748 1205 3824 diluvio
1224 3776 1360 3824 non
1379 3749 1700 3851 potuisse,
1719 3747 1836 3823 sed
1862 3747 2094 3823 eodem
2116 3747 2373 3851 impetu
2397 3776 2603 3850 pecus
2627 3774 2846 3833 omne,

721 3905 855 3979 quo
876 3892 1141 3977 raptum
1161 3872 1394 3962 suerit,
1423 3900 1715 3949 mersum
1735 3901 1897 3948 esse.
1924 3873 2361 3965 Similivitio,
2394 3892 2636 3977 praeter
2654 3873 2846 3961 alias,

716 4000 980 4076 laborat
1011 3997 1300 4073 Narcissi
1326 3995 1573 4071 fabula.
1603 4000 1702 4070 Ut
1721 3999 2034 4083 Narcisso
2060 4030 2179 4078 sua
2204 4001 2404 4078 facies
2422 4059 2442 4092 ,
2471 4003 2566 4077 sic
2600 3998 2847 4076 ovidio

712 4127 858 4227 ejus
891 4126 1146 4200 insania
1181 4123 1507 4227 placuisse
1543 4122 1822 4207 videtur.
1877 4126 2016 4202 Nec
2042 4126 2110 4205 in
2141 4126 2447 4204 incendio
2481 4128 2714 4205 mundi
2741 4155 2849 4203 res

721 4250 947 4326 sobria
992 4267 1134 4325 erat
1182 4251 1287 4339 11,
1327 4246 1461 4321 331
1497 4248 1734 4348 jocari,
1770 4249 2048 4328 &cendia
2072 4253 2271 4331 lumem
2299 4252 2693 4357 Proebebant,
2724 4254 2849 4331 alo·-
