3217 5134
573 500 1662 570 METAMORPHOSEON
1717 503 1909 571 LIB.
1964 504 2102 572 VI.

1732 314 1757 343 ’4

2276 505 2406 588 415

279 637 651 740 Quaesierat
684 641 911 715 studio
948 670 1189 716 nomen
1219 642 1685 730 memorabile}
1725 644 2023 744 quamvis

282 758 451 831 Orta
487 757 689 831 domo
725 784 965 857 parva,
1003 758 1225 859 parvis
1259 759 1607 835 habitabat
1640 759 1980 860 Hypaepis.

277 872 503 972 Hujus
538 890 617 946 ut
649 872 1063 974 adspicerent
1098 902 1269 975 opus
1303 874 1724 963 admirabile,
1754 904 1925 976 saepe
1992 940 1998 947 .

278 990 650 1063 Deseruere
685 989 793 1063 sui
827 989 1152 1090 Nympbae
1183 990 1402 1064 vineta
1435 990 1707 1090 Tymoli
1735 1020 1752 1077 ;
2357 1015 2414 1067 15

278 1108 650 1183 Deseruere
689 1134 842 1181 suas
875 1106 1199 1208 Nympbae
1232 1106 1610 1182 Pactolides
1637 1107 1896 1183 undas:

276 1222 418 1295 Nec
449 1221 655 1297 factas
689 1222 904 1297 solum
940 1241 1158 1297 vestes
1191 1241 1484 1325 spectare
1515 1223 1792 1322 juvabat
1819 1253 1836 1311 ;

277 1339 455 1411 Tum
490 1365 795 1439 quoque,
836 1367 1040 1439 quum
1072 1339 1306 1412 fierent
1336 1367 1351 1411 ε
1384 1354 1609 1411 tantus
1646 1337 1845 1412 decor
1878 1335 2093 1425 adsuit
2122 1339 2248 1413 arti
2278 1342 2294 1413 !

279 1452 432 1526 Sive
466 1451 699 1527 rudem
729 1454 986 1554 primos
1014 1454 1228 1529 lanam
1266 1452 1681 1550 glomerabat
1712 1451 1782 1524 in
1814 1452 2051 1540 orbes;

279 1568 415 1642 Seu
449 1566 679 1661 digitis
717 1569 1073 1666 subigebat
1106 1599 1314 1672 opus,
1350 1569 1760 1671 repetitaque
1793 1566 2000 1663 longo
2351 1606 2414 1641 αι»

278 1681 545 1757 Vellera
576 1682 887 1759 mollibat
918 1684 1198 1760 nebulas
1227 1686 1549 1786 aequantia
1583 1702 1795 1759 tractu
1820 1714 1836 1771 ;

276 1798 443 1873 'Sive
478 1798 607 1873 levi
639 1817 910 1876 teretem
943 1801 1251 1876 versabat
1281 1800 1522 1902 pollice
1556 1800 1817 1886 fusum3

276 2016 444 2051 mone
490 1998 706 2068 vulgari.
741 2026 810 2040 -
838 1999 944 2050 Illa
969 2038 983 2059 ,
1037 1996 1302 2052 Arachne.

277 2074 431 2128 Male
455 2075 691 2129 Laetant.
716 2075 771 2127 in
805 2074 930 2145 Arg.
956 2074 1069 2127 baec
1093 2092 1304 2143 quoque

276 2154 444 2208 verba
466 2154 532 2208 ad
558 2166 786 2208 matrem
806 2153 1001 2207 retulit.
1017 2155 1297 2217 -Sludio‚

276 2240 399 2285 arte
426 2232 662 2286 textoria.
686 2260 752 2272 —
767 2224 964 2284 Domus
977 2250 1164 2299 parea,
1204 2230 1309 2284 hu-

273 2309 453 2375 milis,
487 2327 587 2361 nec
613 2308 716 2361 ulla
738 2308 991 2379 dignitate
1015 2308 1308 2378 conspicua.

276 2380 483 2441 Horat.
507 2387 533 2439 1
548 2424 564 2452 ‚
594 2385 691 2455 Ep.
708 2401 776 2439 111
793 2425 809 2453 ,
838 2386 930 2453 28,
947 2391 1105 2453 parvi
1120 2397 1172 2439 et
1186 2405 1309 2438 am·—

264 2468 368 2534 pli
384 2463 479 2516 sibi
500 2463 735 2532 opposita
752 2483 816 2517 eo
838 2483 1009 2518 sensu.
1031 2467 1310 2537 —Hypae-

264 2561 354 2611 pa
370 2581 383 2603 ,
413 2540 536 2594 urbs
551 2541 728 2613 Lydiae
743 2541 795 2595 in
802 2553 885 2596 ter
895 2541 1149 2596 Tmolum
1160 2561 1311 2596 mon·
1338 2578 1359 2589 ρ

274 2635 399 2675 tem
434 2630 487 2673 et
512 2619 796 2693 Caystrum
818 2620 1045 2675 fluvium
1066 2662 1081 2689 ‚
1109 2622 1174 2677 de
1206 2641 1310 2693 qua

276 2702 633 2755 Burmannus
659 2699 723 2755 ad
762 2703 982 2755 Petron.
1014 2702 1101 2772 137
1120 2741 1134 2768 ,
1161 2702 1311 2772 plura

279 2779 506 2834 notavit.
542 2780 667 2834 Fuit
712 2781 929 2834 obscura
945 2820 961 2848 ,
1003 2780 1146 2835 unde
1186 2782 1238 2835 h.
1278 2781 1312 2835 l.

273 2878 478 2926 parva,
516 2869 570 2911 et
592 2858 664 2912 sic
688 2860 849 2913 etiam
867 2899 882 2928 ‚
914 2860 1026 2926 xl,
1058 2863 1148 2913 152
1168 2899 1185 2928 ,
1222 2859 1312 2914 ubi

283 2946 348 2988 et
366 2934 433 2989 de
457 2935 572 3003 ejus
589 2936 706 2990 situ.

364 3017 440 3068 15.
484 3016 762 3069 Deseruere
800 3018 889 3067 sut·
928 3017 990 3068 N
974 3017 1171 3087 smphae
1216 3023 1313 3068 etc.

286 3091 484 3146 Priscis
508 3092 831 3163 temporibus
854 3091 945 3145 Dii
965 3091 1201 3147 solebant
1225 3092 1312 3145 in-

287 3170 460 3224 visere
492 3170 749 3225 mortales.
800 3171 921 3223 Hoc
962 3170 1121 3240 igitur
1161 3180 1316 3239 poeta

288 3265 405 3300 non
433 3246 568 3300 male
593 3267 714 3301 usus
737 3257 815 3301 est
835 3246 897 3300 ad
918 3247 1314 3301 commendan-

291 3325 428 3377 dum
453 3324 723 3379 Arachnes
747 3344 893 3395 opus.
916 3353 980 3365 —
996 3324 1081 3378 De
1114 3327 1323 3396 Tymoli

292 3406 423 3457 vino
451 3423 706 3473 generoso
725 3443 740 3472 ‚
772 3403 968 3470 nobili,
996 3403 1113 3457 vide
1137 3402 1202 3457 ad
1228 3402 1280 3456 ll
1298 3443 1314 3471 ,

296 3502 413 3551 ²¹7-
438 3482 616 3536 Poetis
640 3482 798 3534 etiam
820 3484 1028 3535 Tmolus
1060 3481 1318 3535 scribitur.

296 3552 440 3615 Vide
466 3560 795 3629 Stephanum
819 3558 885 3613 de
907 3560 1154 3614 Urbibus.
1173 3559 1318 3612 Hinc

292 3641 460 3695 etiam
484 3641 536 3693 h.
560 3641 592 3693 l.
617 3638 859 3694 nonnulli
883 3658 1005 3692 cum
1024 3637 1161 3693 Aldo
1184 3677 1200 3705 ,
1224 3636 1317 3691 sed

292 3731 475 3773 metro
497 3718 801 3773 adversante
821 3757 836 3784 ,
871 3719 1047 3770 Tmoli.
1073 3716 1204 3786 Ejus
1226 3722 1317 3768 υί-

294 3804 421 3852 nela
441 3809 566 3851 sunt
586 3799 745 3851 etiam
761 3835 776 3863 ,
806 3796 858 3849 ll
883 3794 1019 3849 Fast.
1037 3795 1228 3849 313.-—
1242 3794 1321 3847 Ex

296 3895 366 3929 eo
396 3875 663 3928 oriebatur
689 3876 955 3935 Pactolus,
988 3871 1179 3926 fluvius
1200 3872 1319 3943 Ly-

298 3956 403 4009 dia
455 3955 664 4008 aurifer.
705 3952 1101 4023 Repetitionem
1141 3962 1321 4005 autem

298 4031 617 4086 eorumdem
668 4030 953 4083 verborum
976 4068 993 4096 ‚
1051 4028 1215 4099 qualis
1263 4027 1320 4080 in

300 4113 403 4167 boc
421 4111 727 4180 etsequenti
742 4130 895 4164 versu
909 4150 925 4178 ‚
949 4118 1089 4162 amat
1106 4109 1323 4163 Noster:

300 4190 358 4257 I,
390 4190 489 4243 325
521 4207 668 4257 sqq.;
709 4188 781 4252 V,
829 4191 925 4259 579
956 4207 1100 4256 sqq.;
1142 4184 1280 4239 Vlll
1302 4226 1319 4251 ,

300 4267 404 4319 628
440 4285 550 4336 sqq.

1458 2000 1534 2051 18.
1546 2000 1671 2049 Tum
1681 2014 1884 2064 quoque,
1900 2005 1998 2048 etc.
2015 1995 2266 2049 Heinsius
2281 1995 2422 2054 hunc

1402 2092 1611 2127 versum
1628 2073 1884 2142 superiori
1901 2072 2315 2147 preponendum
2333 2093 2423 2142 pu·

1403 2152 1544 2204 tabat
1561 2189 1576 2216 ‚
1604 2169 1721 2204 eam
1746 2149 1916 2204 solam
1926 2150 1994 2202 ob
2015 2169 2224 2203 causam
2241 2190 2257 2218 ,
2280 2150 2422 2220 quod

1406 2250 1503 2302 pro
1524 2250 1618 2283 uec
1645 2229 1794 2283 multi
1826 2229 1989 2283 MSS.
2016 2228 2145 2282 dant
2165 2250 2279 2284 non.
2311 2230 2424 2284 Re·-

1404 2308 1471 2379 gii
1504 2308 1670 2360 nostri
1709 2306 1923 2375 quidem
1962 2306 2159 2359 habent
2191 2325 2324 2373 nou,·
2362 2319 2418 2361 at

1404 2405 1616 2440 versum
1654 2383 1845 2437 eodem
1872 2385 1927 2437 in
1956 2384 2071 2438 loco
2097 2384 2421 2454 relinquunt.

1404 2467 1505 2518 Ed.
1533 2493 1600 2505 -
1635 2463 1741 2517 Hic
1772 2464 1913 2517 locus
1943 2462 2150 2516 laudem
2187 2475 2422 2518 meretur

1405 2542 1470 2596 ab
1494 2553 1603 2595 arte
1625 2581 1640 2608 ‚
1686 2561 1789 2611 qua
1813 2541 2086 2612 ingenium
2111 2553 2279 2610 poetae
2305 2561 2423 2596 rem

1408 2622 1768 2676 tenuissimam
1785 2632 1839 2675 et
1855 2622 2122 2692 vulgarem
2141 2623 2427 2676 exornavit.

1402 2729 1472 2742 -
1495 2704 1667 2755 Decor
1680 2702 1855 2769 adsui!
1878 2706 2005 2761 arle‘,
2034 2701 2221 2754 decore
2245 2712 2425 2755 tracta-

1403 2780 1494 2833 bat
1526 2779 1729 2849 singula
1758 2779 1881 2832 artis
1906 2796 2047 2832 suae:
2075 2777 2192 2830 vide
2230 2779 2293 2831 ad
2321 2780 2421 2845 lv,

1406 2857 1522 2909 230.
1560 2854 1801 2923 Exempli
1838 2854 1951 2907 loeo
1988 2854 2423 2924 praeparationem

1404 2933 1538 2990 lanae
1563 2934 1628 2987 ad
1653 2945 1857 2988 textum
1894 2944 2188 2999 memorat,
2229 2933 2294 2987 de
2319 2955 2422 3004 qua

1406 3015 1589 3067 confer
1611 3012 1965 3079 Claudianum
1983 3053 1999 3081 ‚
2028 3029 2124 3079 xx,
2151 3014 2428 3069 383.—Su-

1408 3094 1611 3158 bigeba!
1642 3090 1855 3156 mlius,
1883 3109 2040 3159 quam
2070 3092 2335 3146 tractabat.
2358 3119 2426 3133 -

1407 3171 1644 3237 Repelila
1667 3209 1680 3231 ,
1740 3170 1860 3238 quia
1909 3169 2141 3239 pluribus
2182 3168 2426 3223 lraclibus

1407 3251 1677 3301 molliebat.
1698 3247 1839 3301 Vide
1861 3248 1923 3301 ad
1951 3248 2051 3315 IV,
2080 3249 2188 3318 733.
2208 3277 2276 3291 -
2305 3254 2428 3303 Vel-

1407 3333 1562 3382 lerum
1585 3328 1889 3382 teneritudo
1915 3328 2181 3398 eleganter
2207 3348 2424 3397 compa·-

1408 3416 1557 3459 ratur
1580 3422 1701 3459 curn
1726 3409 1940 3467 nebulis,
1974 3405 2424 3475 quemadmodum

1408 3493 1592 3539 contra
1623 3482 1770 3553 Virg.
1794 3482 1987 3552 Georg.
2015 3484 2073 3548 I,
2100 3484 2217 3553 397,
2243 3483 2425 3536 nube-

1408 3560 1547 3613 culas
1577 3578 1701 3613 cum
1735 3559 1866 3612 lanae
1903 3559 2177 3613 velleribus
2205 3562 2425 3614 confert.

1408 3641 1692 3693 ——Mollire
1706 3679 1718 3700 ,
1741 3638 1947 3692 trahere
1967 3678 1983 3706 ‚
2009 3631 2067 3692 ut
2082 3639 2260 3692 tenuia
2280 3638 2427 3693 fiant.

1415 3715 1690 3769 Claudian.
1718 3735 1732 3768 ε
1768 3718 1965 3769 Vellera
1979 3736 2076 3782 per
2104 3724 2276 3769 leuues
2295 3718 2435 3785 serri

1401 3799 1674 3863 producere
1707 3800 1892 3856 rimas,
1940 3796 2028 3847 ubi
2064 3794 2181 3848 vide
2206 3795 2432 3850 Gesner.

1413 3872 1590 3926 Etiam
1616 3879 1819 3925 tenuare
1850 3882 1904 3924 et
1930 3876 2148 3941 eliquare
2173 3873 2346 3926 lanam
2369 3875 2427 3926 in

1410 3970 1524 4004 usu.
1567 3950 1663 4004 Illa
1709 3952 1894 4003 vellera
1931 3949 2135 4003 Nostris
2178 3950 2452 4003 dicuntur-

1396 4031 1615 4096 flocoas.

1487 4126 1565 4158 22.
1588 4107 1702 4158 Sive
1724 4108 1833 4157 leui
1848 4111 2059 4158 teretem.
2085 4106 2280 4174 Regius
2309 4105 2430 4175 qui-

1414 4183 1535 4237 dam
1546 4223 1560 4249 ‚
1577 4189 1684 4236 sive
1694 4188 1847 4238 levem
1861 4189 2009 4236 lereti
2019 4194 2115 4237 etc.
2135 4184 2284 4253 Regii
2300 4202 2430 4237 nos-

1415 4262 1482 4315 tri
1524 4262 1721 4317 babent
1762 4261 2037 4330 vulgatam.
2088 4259 2288 4316 Confer
2313 4301 2327 4329 ‚
2353 4263 2428 4316 *in
