3217 5134
650 581 697 628 X

652 702 1021 777 vincentem
1051 717 1496 797 agnoverant,
1534 700 1938 803 quicumque
1968 704 2201 779 Latine
2246 704 2483 787 sciunt.
2532 704 2664 780 Sed
2708 736 2788 783 ex

654 832 765 907 his
799 861 942 934 quae
973 832 1292 935 praemisit
1319 806 1825 906 Commentariis
1860 832 1927 906 in
1960 802 2327 908 Heroidum
2354 835 2691 937 Epistulas
2724 854 2789 911 et

653 966 999 1063 Amatoria
1024 964 1344 1053 Nasonis,
1373 962 1532 1038 satis
1565 992 1897 1071 superque
1922 965 2048 1039 tibi
2082 965 2375 1041 innotuit
2394 1022 2413 1055 ,
2442 970 2786 1043 LECTOR

657 1117 1351 1187 CANDIDISSIME,=
1392 1116 1716 1201 qnantum
1765 1098 1868 1173 illi
1922 1128 2093 1175 onus
2143 1101 2560 1178 incumberet
2589 1164 2605 1193 ‚
2651 1103 2785 1205 -qui

657 1234 838 1304 to'tos
868 1230 1183 1305 Ovidiani
1218 1229 1504 1331 aequoris
1546 1248 1797 1304 tractus
1828 1230 2115 1327 relegere
2154 1232 2283 1306 sibi
2320 1230 2784 1335 proposuerim

656 1363 773 1464 qui
806 1380 1070 1464 poetam
1097 1362 1392 1436 omnium
1424 1391 1597 1463 quos
1627 1363 1891 1449 noveris
1910 1419 1929 1451 ,
1965 1392 2186 1438 rerum
2218 1365 2521 1441 ubertate
2552 1368 2787 1469 copio-

656 1495 987 1568 sissimum
1005 1550 1023 1581 ,
1060 1494 1382 1596 varietate
1398 1511 1939 1589 argumentorum
1966 1511 2033 1567 et
2058 1494 2202 1595 ipsa
2228 1497 2549 1571 tractandi
2572 1497 2786 1573 felici-

656 1644 788 1700 tate
814 1626 985 1700 nulli
1011 1626 1407 1717 secundum,
1439 1628 1696 1701 cunctis
1727 1626 1859 1701 fere
1882 1627 2204 1728 priorem,
2235 1632 2788 1705 commentatione

657 1792 826 1839 nova
858 1763 1322 1840 illustrandum
1359 1766 1741 1868 susceperit.
1779 1768 1861 1840 In
1896 1764 2014 1840 illo
2050 1768 2299 1869 quippe
2321 1824 2340 1857 ,
2380 1769 2496 1870 qui
2529 1785 2787 1844 tantum

654 1919 829 1993 opus
868 1890 953 1964 ad
990 1892 1243 1965 exitum
1283 1890 1570 1966 voluerit
1617 1891 1978 1994 perducere
2000 1948 2019 1981 ,
2067 1892 2330 1988 vigeant
2372 1921 2639 1969 neeesse
2686 1912 2787 1970 est

648 2043 719 2099 et
748 2026 1171 2129 conspirent,
1208 2054 1348 2099 non
1381 2026 1581 2100 modo
1620 2026 1948 2128 quidquid
1985 2025 2325 2103 literarum
2361 2029 2790 2130 antiquarum

652 2190 815 2236 usus
840 2162 1179 2236 familiaris
1208 2180 1274 2235 et
1301 2163 1491 2263 quasi
1524 2162 1952 2263 quotidianus
1969 2220 1988 2252 ,
2023 2163 2290 2237 roboris
2321 2178 2389 2238 et
2414 2163 2786 2237 ornamenti

654 2295 735 2369 ad
769 2295 1209 2373 excolendum·
1242 2293 1582 2392 ingenium
1628 2295 1926 2370 conferre
1961 2298 2303 2397 potuerit3
2350 2296 2679 2398 quidquid
2706 2325 2786 2371 ex

655 2429 918 2503 assidua
949 2430 1019 2502 in
1055 2429 1301 2502 vicinas
1334 2430 1639 2524 regiones
1675 2429 2206 2531 peregrinatione
2245 2428 2678 2529 importatum
2715 2429 2785 2502 in

653 2561 750 2635 rei
801 2578 1049 2635 nostrae
1090 2559 1443 2635 utilitatem
1482 2561 1889 2650 effloruerit3
1941 2560 2057 2636 sed
2103 2578 2171 2635 et
2214 2561 2476 2635 accedat
2518 2590 2787 2663 quoque

538 2772 547 2783 ,
653 2712 960 2798 oportet,
1006 2695 1306 2797 corporis
1338 2694 1649 2770 valetudo
1671 2752 1689 2785 ,
1739 2723 1884 2797 qna:
1916 2696 1986 2768 in
2019 2722 2219 2795 opere
2254 2712 2389 2768 tam
2423 2693 2631 2789 longo
2678 2696 2789 2767 in-

656 2828 833 2925 genii
862 2829 1033 2902 vires
1058 2844 1426 2930 torpescere
1447 2885 1466 2918 ,
1494 2826 1596 2902 vel
1621 2826 1976 2903 hebescere
2006 2850 2279 2901 acumen
2309 2850 2449 2899 non
2475 2825 2786 2927 patiatur.

651 2962 821 3059 Quae
864 2961 920 3035 si
956 2948 1095 3036 fato
1131 2963 1421 3063 quodam
1450 2988 1603 3036 meo
1625 3017 1644 3050 ,
1687 2960 1759 3033 in
1793 2986 1931 3033 uno
1967 2958 2332 3060 eodemque
2365 2958 2511 3031 viro
2547 2986 2787 3034 conve-

651 3096 911 3170 nissent
937 3152 956 3184 ,
1005 3095 1187 3170 hunc
1244 3125 1368 3192 ego
1421 3110 1885 3196 portentosum
1935 3093 2250 3195 quiddam
2275 3150 2296 3183 ,
2346 3118 2547 3167 raram
2581 3094 2737 3167 amin
2758 3150 2778 3177 ‚

651 3228 936 3330 nigroque
981 3226 1188 3335 chno
1229 3228 1593 3302 simillimmn
1638 3229 1927 3325 (Juven.
1963 3242 2084 3303 sat.
2117 3228 2216 3341 Ἣ
2241 3283 2259 3316 ,
2309 3225 2535 3320 165),
2575 3225 2790 3300 dicere

647 3388 785 3433 non
824 3358 1279 3434 dubitaverim.
1560 3396 1565 3401 ·
2091 3382 2098 3393 ‘

749 3490 1246 3565 Providendum
1279 3519 1441 3586 ergo
1479 3489 1644 3565 mihi
1686 3489 1852 3579 fuit,
1895 3507 1978 3563 ut
1999 3545 2017 3578 ,
2072 3506 2366 3564 cessante
2405 3489 2489 3563 ad
2519 3507 2786 3589 tempus

650 3619 903 3717 collega
935 3639 1001 3696 et
1024 3622 1236 3698 amico
1253 3679 1272 3713 ,
1309 3648 1504 3723 quem
1534 3639 1749 3695 totum
1774 3621 1944 3697 mihi
1967 3621 2262 3723 meisque
2290 3620 2595 3695 devotum
2619 3621 2786 3718 jam-

645 3753 905 3854 pridem
938 3754 1271 3854 experior,
1298 3754 1710 3856 memorique
1741 3754 2044 3851 gratulor
2065 3758 2290 3829 animo
2308 3809 2327 3843 ,
2367 3752 2533 3826 alius
2561 3778 2789 3826 succe-
2821 3771 2831 3782 ‘

652 3887 837 3963 deret
863 3944 883 3978 ,
938 3886 1055 3988 qui
1086 3914 1224 3961 non
1254 3886 1467 3988 impar
1493 3885 1714 3961 labori
1744 3887 2016 3961 ferendo
2037 3944 2056 3978 ,
2090 3882 2539 3962 conclamandi
2568 3883 2788 3958 locum

649 4038 1028 4123 suppeteret
1051 4018 1445 4109 lectoribus3
1469 4020 1690 4095 Primo
1700 4021 1941 4109 avulso,
1966 4050 2085 4096 non
2101 4020 2306 4121 dq‘ict‘t
2322 4019 2482 4093 alter
2496 4019 2575 4096 A
2577 4021 2796 4093 umus!

648 4153 836 4252 Virg.
868 4155 1020 4230 AEn.
1052 4156 1149 4229 VI
1169 4212 1189 4246 ,
1229 4153 1383 4249 143.
1413 4156 1554 4229 Nec
1582 4154 1902 4255 quaerenti
1930 4153 2043 4228 diu
2069 4151 2236 4231 mihi
2267 4152 2554 4225 occurrit
2576 4148 2790 4225 simb's

654 4316 932 4389 prorsus
964 4289 1200 4364 metalli
1225 4289 1328 4365 vir
1344 4345 1364 4382 ,
1387 4265 1504 4364 Cl.
1544 4284 2177 4364 Gotclckb-Erdmann
2218 4285 2321 4359 Gl
2340 4302 2542 4359 ΕΜΓ,
2562 4340 2584 4374 ,
2614 4284 2788 4357 Tre-
