3217 5134
767 531 860 625 94
1335 533 1413 599 P.
1468 533 1823 604 ovum
1872 534 2334 605 NAsoms

771 672 1037 773 Detque
1067 672 1198 745 sibi
1228 672 1522 761 veniam,
1557 672 1800 774 pavido
1839 691 2033 769 rogat
2068 703 2181 750 ore
2213 706 2229 762 3
2266 695 2587 779 pavetque

772 789 1035 863 Laedere
1065 788 1324 888 jactatis
1361 806 1690 863 maternas
1726 790 1997 865 ossibus
2026 790 2315 866 umbras.

770 910 1028 982 Interea
1058 925 1369 1009 repetunt
1401 908 1588 981 caecis
1626 908 1910 981 obscura
1944 907 2217 983 latebris

770 1023 993 1098 Verba
1029 1024 1194 1097 datae
1229 1024 1428 1098 sortis
1459 1053 1717 1112 secum,
1758 1024 1931 1098 inter
1965 1054 2165 1126 seque
2198 1024 2521 1100 volutant.

769 1145 935 1221 lnde
970 1145 1430 1221 Promethides
1458 1146 1739 1249 placidis
1772 1147 2198 1248 Epimethida
2231 1147 2425 1222 dictis
2806 1170 2900 1240 390

772 1269 1062 1358 Mulcet3
1101 1287 1201 1359 et,
1250 1304 1284 1335 α
1323 1271 1466 1344 Aut
1497 1269 1724 1358 fallax,
1760 1271 1891 1358 ait,
1929 1288 2030 1344 est
2061 1269 2330 1345 solertia
2362 1271 2604 1359 nobiS‚

777 1428 813 1460 n
852 1396 995 1468 Aut
1024 1395 1138 1496 pia
1168 1412 1361 1482 sunt,
1399 1393 1791 1495 nullumque
1825 1395 2008 1469 nefas
2044 1393 2308 1469 oracula
2343 1394 2637 1469 suadent.

779 1551 815 1584 »
857 1519 1107 1613 Magna
1139 1545 1379 1618 parens
1408 1520 1623 1593 Terra
1658 1536 1758 1593 est
1792 1549 1806 1593 :
1844 1519 2099 1621 lapides
2133 1520 2204 1593 in
2234 1547 2513 1620 corpore
2544 1536 2734 1593 terrae

770 1727 920 1779 brem
940 1724 1251 1796 religionem
1271 1727 1327 1780 in
1348 1727 1530 1798 primis
1552 1728 1653 1782 tale
1677 1747 1790 1783 ora-

770 1805 948 1859 culum
976 1806 1248 1860 offendere
1287 1805 1524 1861 debebat.
1573 1807 1786 1863 Deuca-

769 1883 877 1937 lion
920 1894 1103 1937 contra
1139 1903 1263 1937 mox
1300 1889 1508 1939 solertia
1535 1886 1789 1958 insignior

771 1963 1048 2032 reperitur.
1089 1962 1304 2016 Laedere
1343 1963 1546 2017 cineres
1580 1975 1635 2017 et
1674 1983 1786 2018 ossa

770 2042 1038 2111 majorum
1058 2060 1330 2094 summum
1353 2041 1552 2097 scelus:
1574 2041 1789 2115 Phocy-

769 2118 856 2172 lid.
874 2139 1006 2173 vers.
1029 2123 1093 2193 95
1114 2138 1257 2189 sqq.;
1286 2120 1476 2174 Horat.
1499 2120 1564 2173 A.
1592 2122 1653 2174 Ρ.
1673 2123 1788 2192 47ι.

833 2199 946 2251 386.
970 2201 1235 2267 pavetque.
1268 2198 1506 2252 Gronov.
1536 2198 1787 2254 suadebat

767 2285 1009 2347 cavetque
1028 2318 1043 2342 ,
1080 2278 1204 2347 quia
1227 2277 1391 2330 modo
1415 2278 1790 2348 praeoeoeitpa-

768 2360 898 2410 οιὶίο.
923 2356 1061 2410 Mihi
1079 2376 1206 2410 vero
1228 2356 1330 2410 hoc
1351 2376 1460 2410 non
1487 2359 1607 2412 satis
1631 2375 1785 2428 grave

767 2434 978 2488 videtur
1020 2455 1118 2505 pro
1161 2455 1221 2488 re
1261 2437 1523 2506 proposita
1546 2458 1560 2501 ;
1609 2437 1785 2507 itaque

767 2514 948 2567 malim
974 2526 1065 2567 aut
1098 2534 1222 2568 rum
1248 2513 1486 2569 Vossian.
1519 2520 1782 2585 temetque,

768 2602 859 2646 aut
879 2613 1002 2646 cum
1029 2593 1286 2647 Arundel.
1306 2596 1485 2648 ubido
1503 2615 1586 2647 one
1598 2635 1614 2659 ,
1643 2596 1787 2664 quod

766 2674 1023 2744 posterius
1045 2684 1101 2727 et
1125 2675 1309 2728 Heius.
1333 2674 1579 2742 placebat.

830 2754 944 2824 387.
976 2756 1206 2807 Umbras.
1238 2754 1456 2807 Animas
1475 2794 1490 2821 ,
1516 2771 1646 2823 quas
1668 2752 1785 2807 indi

765 2830 1011 2886 credebat
1036 2833 1349 2901 antiquitas,
1385 2831 1524 2885 illata
1552 2831 1787 2886 cadave-

763 2912 908 2966 ribus
933 2924 1024 2966 aut
1056 2911 1273 2966 tumulis
1295 2912 1506 2981 injuria.
1532 2913 1633 2964 Ed.

830 2989 941 3043 388.
974 2991 1132 3043 Cecis
1150 2994 1366 3043 obscura
1383 2994 1604 3043 latebris.
1626 2988 1752 3042 Duo
1768 3030 1785 3056 5

763 3070 991 3120 obscuris
1021 3087 1172 3120 ceca.
1213 3069 1394 3121 Nostri
1433 3086 1561 3120 vero
1581 3108 1596 3133 ,
1637 3072 1788 3121 cccl?

761 3148 992 3198 obscura.
1016 3172 1084 3185 —
1112 3146 1342 3197 Obscura
1360 3185 1376 3212 ‚
1416 3145 1484 3198 ob
1515 3145 1789 3215 ambigui-

764 3234 928 3277 tatem
946 3262 960 3289 ,
998 3243 1116 3294 que
1130 3244 1240 3278 non
1265 3226 1412 3280 facile
1433 3227 1653 3296 perspici
1675 3245 1785 3296 po—

765 3312 954 3355 terant.
993 3301 1181 3356 Senec.
1219 3303 1400 3374 OEdip.
1427 3323 1489 3376 9²
1521 3324 1534 3358 :
1564 3307 1787 3372 sphinga

762 3385 910 3433 cecis
937 3385 1089 3434 verba
1117 3390 1388 3435 nectentem
1409 3387 1586 3436 modis.
1611 3382 1786 3436 Cicer.

766 3458 887 3511 Div.
919 3459 1004 3526 11,
1041 3463 1136 3527 54,
1173 3459 1238 3514 de
1277 3472 1486 3514 auctore
1527 3461 1783 3515 librorum

761 3535 1142 3610 Sibyllinorum
1162 3578 1176 3606 ,
1211 3542 1447 3591 adhibui!
1471 3545 1623 3592 eliam
1653 3544 1787 3592 lale-

762 3618 900 3667 bram
918 3621 1256 3670 obscuritatis.
1293 3617 1432 3671 Alibi
1455 3622 1694 3686 ambages
1716 3618 1782 3671 de

764 3693 999 3748 oraculis.
1026 3694 1131 3748 Sed
1155 3694 1290 3765 apud
1316 3696 1560 3749 Safflium
1585 3715 1784 3750 oracu-

761 3769 871 3823 lum
885 3783 1134 3841 repetunt
1148 3776 1203 3832 ia
1211 3777 1556 3841 etherfastoeu
1565 3775 1797 3835 Hoaekle:

699 3861 708 3868 “
747 3849 978 3919 Ἐῒηππῒ
1001 3847 1271 3916 Rodium,
1307 3858 1455 3903 ualet
1470 3854 1784 3920 ihr-cmfins-

758 3932 866 3979 lem
892 3930 1146 3983 Obdache.
1148 3957 1215 3968 —
1225 3931 1278 3981 V
1269 3932 1474 3983 olalare
1495 3940 1554 3982 ut
1567 3937 1776 3997 agitare,

760 4002 826 4056 de
851 4005 1173 4061 deliberante
1204 4017 1258 4060 et
1287 4008 1581 4079 cogitante:
1598 4007 1783 4080 virgil.

763 4080 1128 4156 Ec1.1x,37.

826 4160 940 4232 39⁰·
959 4163 1084 4215 Inde
1107 4167 1461 4218 Promethides.
1489 4164 1623 4219 cod.
1650 4166 1779 4237 Reg.

759 4241 921 4305 8000,
945 4242 1064 4293 hiae
1075 4244 1466 4296 Pmmethe'ades.
1485 4245 1622 4297 Item
1645 4243 1779 4297 cod.

760 4315 1013 4384 Obrocti,
1038 4327 1093 4371 et
1117 4318 1228 4374 bec
1244 4318 1398 4377 lectio
1420 4322 1550 4376 mihi
1566 4321 1778 4376 arridet.

1885 1732 2243 1784 Promethides.
2280 1727 2571 1784 Deucalion
2597 1727 2904 1783 Promethei

1884 1808 2037 1862 filius.
2079 1810 2416 1876 EpimeMIda.
2450 1807 2715 1881 Pyrrham
2732 1849 2748 1871 ,
2774 1808 2903 1878 Epi-

1886 1886 2083 1941 methei
2106 1886 2283 1940 filiam.
2313 1887 2413 1938 Ed.

1950 1964 2063 2037 391.
2104 1967 2312 2016 Mulcet.
2349 1964 2572 2016 Mulcere
2591 2004 2606 2026 ‚
2664 1962 2900 2016 animum

1884 2040 2078 2095 addere
2103 2080 2117 2108 ,
2160 2042 2343 2095 solatio
2377 2041 2595 2110 erigere.
2630 2040 2772 2110 Qua
2802 2061 2904 2093 va·-

1882 2118 1996 2173 lent
2015 2120 2078 2173 ad
2100 2119 2529 2174 confirmandum
2548 2120 2786 2173 animum
2803 2159 2819 2187 ,
2846 2139 2904 2174 ea

1875 2201 2089 2265 placida
2101 2198 2269 2268 poetis
2287 2197 2393 2251 drr.
2416 2227 2483 2239 -—
2494 2200 2710 2252 Solem’a
2720 2199 2904 2252 cerni-

1885 2287 1976 2330 tur
1996 2276 2063 2331 in·
2077 2276 2375 2346 indagando
2396 2295 2524 2329 vero
2548 2296 2561 2330 :
2581 2276 2792 2331 Lucret.
2822 2277 2869 2325 V
2887 2316 2902 2343 ,

1890 2354 2016 2408 1355
2036 2369 2049 2402 t
2067 2358 2300 2408 salernas
2318 2361 2402 2407 es!
2416 2358 2572 2409 multo
2583 2373 2744 2422 genus
2763 2375 2908 2408 omne

1884 2436 2043 2485 wrile.
2060 2434 2336 2488 Pomanus
2357 2436 2503 2487 nobis
2522 2434 2660 2486 male
2679 2433 2745 2487 de
2764 2444 2905 2487 utro·

1885 2531 1987 2583 que
2018 2512 2267 2583 capiebat.

1950 2592 2063 2663 39²·
2082 2593 2186 2644 Pia
2201 2598 2334 2644 sunl.
2351 2591 2490 2645 Jac-
2493 2590 2728 2645 a-Cruce
2748 2591 2906 2644 verba

1874 2675 2001 2738 pia..
2005 2709 2049 2723 ...
2096 2673 2315 2722 suadent
2344 2669 2503 2739 signis
2536 2670 2907 2738 parentheseos

1884 2746 2204 2802 includenda
2228 2758 2435 2812 censet;
2463 2748 2604 2817 quod
2630 2761 2683 2802 et
2709 2747 2906 2802 Lenzio

1884 2828 2068 2897 placet.
2092 2825 2229 2879 Mihi
2247 2826 2438 2879 altera'
2423 2828 2781 2896 interpunctio
2798 2848 2908 2880 me·

1882 2907 1984 2960 lior
2006 2905 2215 2958 videtur
2235 2945 2249 2973 ,
2278 2926 2340 2959 ex
2357 2925 2460 2976 qua
2480 2905 2770 2961 Deucalion
2795 2928 2906 2961 ver·

1880 2983 1960 3036 bis
1980 2990 2074 3036 au!
2089 2981 2274 3050 fallax
2276 3022 2368 3036 ......
2381 2987 2601 3036 suadent
2636 2985 2904 3058 Pyrrham

1882 3071 2138 3115 attentam
2164 3060 2366 3129 reddit,
2400 3072 2452 3114 et
2474 3063 2677 3132 pavoris
2702 3063 2904 3116 nullam

1882 3157 1991 3191 esse
2027 3158 2233 3191 causam
2270 3149 2488 3202 monet3
2526 3151 2637 3192 tum
2672 3151 2904 3194 senten-

1882 3216 2009 3268 tiam
2044 3216 2208 3286 ipsam
2248 3218 2511 3286 proponit.
2567 3218 2688 3271 Hoc
2730 3219 2903 3270 multo

1880 3295 2279 3371 convenientius
2312 3306 2389 3347 est
2426 3296 2757 3349 sermonibus
2789 3295 2902 3349 ho·-

1881 3374 2105 3426 minum.

1947 3452 2059 3524 393.
2073 3445 2466 3520 Magnapeirens
2483 3465 2577 3507 etc.
2597 3453 2899 3525 Respexisse

1878 3529 2355 3599 ingeniosissimum
2398 3542 2606 3601 poetam
2654 3532 2902 3601 opinatur

1880 3609 2155 3676 Muretus,
2181 3610 2267 3663 lib.
2290 3611 2339 3664 X
2357 3652 2371 3678 ,
2401 3612 2526 3665 Var.
2554 3612 2668 3665 lert.
2698 3632 2808 3682 cap.
2834 3632 2864 3664 2
2882 3653 2897 3677 ‚

1881 3688 1943 3740 ad
1966 3690 2255 3742 Historiam
2268 3691 2425 3744 Rom.
2441 3690 2710 3756 Liv.lib.1,
2733 3709 2897 3760 quum

1874 3767 2032 3839 regiis
2059 3768 2471 3824 adolescentibus
2487 3788 2797 3839 responsum
2823 3788 2897 3823 es·

1876 3857 1989 3910 set,
2029 3865 2151 3899 eum
2178 3859 2521 3918 regnaturum
2550 3849 2735 3901 Rornae
2754 3888 2768 3914 ‚
2809 3846 2899 3917 qui

1877 3924 2033 3977 matri
2048 3926 2282 3979 osculum
2301 3927 2501 3996 primus
2518 3926 2714 3979 tulisset
2731 3947 2743 3978 :
2766 3927 2899 3979 Bru·

1876 4012 1960 4055 tus
1979 4023 2007 4055 e
2033 4004 2153 4056 navi
2176 4003 2498 4057 descendens
2510 4004 2757 4057 simulato
2776 4021 2896 4056 casu

1876 4091 2070 4133 terram
2120 4083 2378 4136 osculatus
2425 4092 2534 4148 est,
2586 4092 2683 4134 etc.
2727 4080 2895 4134 Vetus

1875 4160 2017 4214 idem
2040 4162 2428 4216 Grammaticus
2453 4162 2515 4215 de
2539 4181 2603 4214 eo
2626 4161 2716 4231 qui
2742 4160 2807 4213 ad
2830 4159 2897 4212 la·

1875 4244 2051 4314 pidem
2075 4244 2377 4298 offendisset
2394 4286 2408 4312 ‚
2431 4244 2555 4298 dixit
2575 4254 2705 4304 τΤἰς
2729 4245 2892 4297 ἐπιεῖ-

1877 4347 1950 4378 ew
1972 4327 2262 4400 ἔγχμμφθτὶς
2285 4329 2414 4378 xe'a'bz.
2443 4323 2583 4392 Quae
2609 4325 2765 4376 etiam
2790 4340 2891 4375 va·-

3130 347 3139 420 „mo-—
