3217 5134
382 611 421 637 „
555 540 1092 615 DEOPERE
1145 538 2211 610 METAMORPHOSEON.
2382 544 2470 610 25

317 682 574 785 quisque
586 683 885 782 malofiu't
898 683 1238 758 ususinillo
1256 712 1283 768 ;
1311 701 1429 758 aut
1445 683 1760 758 minutias
1782 712 2009 758 curare
2031 711 2124 759 vs.
2161 708 2201 754 2
2218 708 2246 756 1
2266 708 2293 754 1
2316 711 2465 786 sqq.

288 804 585 913 fissaque
634 809 895 909 (tellus)
932 813 1061 912 ogit
1101 811 1287 886 ninas
1301 869 1323 897 ,
1380 825 1444 885 et
1485 811 1676 885 succis
1716 825 1849 886 aut
1891 810 2165 885 ademtis.
2220 811 2473 887 Pabula

322 952 651 1011 canescunt
664 966 692 1023 ,·
721 964 889 1011 vers.
930 934 1071 1008 252
1098 963 1247 1037 sqq.
1269 991 1288 1024 ,
1315 961 1455 1036 quoe
1476 935 1791 1012 Maeom'as
1814 937 2185 1011 celebrarunt
2214 937 2473 1011 carmine

326 1066 526 1166 ripas,
569 1064 921 1138 Flumineoe
945 1064 1226 1138 volucres
1251 1062 1449 1137 medio
1490 1065 1726 1138 caluere
1768 1063 2045 1173 Caystro.
2085 1066 2266 1164 Quis
2296 1066 2472 1141 enim

327 1188 398 1261 in
446 1206 579 1262 tam
608 1188 800 1284 >gravi
835 1185 1202 1264 calamitate
1239 1216 1603 1290 cygnorum
1640 1184 1922 1264 calorem
1958 1193 2196 1266 curet?
2242 1191 2373 1267 Sed
2407 1209 2476 1266 et

325 1343 497 1390 vers.
538 1311 682 1386 265
715 1341 864 1415 sqq.
899 1312 1223 1415 debohinns
1251 1312 1451 1388 nobis
1483 1312 1779 1388 ostendit
1821 1311 2175 1390 latitantes,
2233 1316 2371 1390 Nec
2403 1315 2475 1388 in

323 1439 539 1541 pestis
566 1436 1008 1538 descriptione
1029 1494 1049 1527 ‚
1076 1439 1210 1512 Vll
1226 1493 1247 1525 ‚
1284 1435 1425 1510 538
1452 1466 1600 1538 sqq.
1627 1494 1646 1526 ‚
1677 1437 1952 1513 modum
1972 1439 2269 1515 servavit.
2300 1442 2474 1515 Rec-

326 1565 463 1643 tius
497 1581 675 1638 ccrte
711 1563 1023 1637 abessent
1051 1560 1166 1637 illa
1185 1620 1205 1651 ‚

486 1718 631 1778 Non
658 1736 795 1798 aper
820 1715 984 1777 irasci
1011 1714 1305 1789 meminit3
1341 1735 1449 1778 nec
1475 1714 1651 1778 fidere
1679 1737 1851 1777 cursu

492 1817 678 1878 Cerva
699 1860 718 1893 ‚
750 1837 855 1877 nec
886 1816 1156 1879 armentis
1189 1817 1479 1878 incurrere
1512 1815 1759 1879 sortibus
1791 1815 1930 1878 ursi.

431 1948 696 2048 Inepte,
723 1947 789 2020 11
802 2002 821 2034 ‚
853 1943 996 2019 206
1021 1973 1167 2048 sqq.
1193 2001 1212 2034 ‚
1238 1944 1309 2018 in
1335 1945 1576 2021 aethere
1599 1944 1834 2019 decliva
1856 1945 2111 2046 viasque
2129 1948 2475 2049 proecipntes

331 2071 523 2169 fingit
542 2127 560 2160 ‚
606 2098 728 2144 nec
766 2068 864 2142 ibi
906 2066 1041 2141 133
1060 2125 1081 2158 ‚
1131 2069 1448 2168 manifesta
1479 2085 1629 2144 roloe
1662 2069 1919 2169 vestigia
1950 2097 2092 2144 esse
2125 2088 2433 2171 poterant
2453 2129 2471 2159 ‚

334 2196 451 2272 scd
473 2194 874 2269 luxuriantis
898 2194 1149 2290 ingenii
1180 2193 1298 2268 illa
1330 2211 1506 2270 sunt.
1552 2194 1841 2270 Tristem
1873 2194 2072 2268 nobis
2105 2212 2172 2270 et
2202 2197 2477 2273 commi-

334 2319 662 2396 seratione
697 2318 1155 2415 dignissimam
1177 2319 1512 2394 Actaeonis
1536 2335 1762 2393 narrat
1786 2336 2032 2393 sortem
2054 2375 2073 2410 ,
2117 2319 2234 2394 sed
2268 2337 2337 2393 et
2363 2320 2476 2394 hic

334 2445 540 2535 ludit,
559 2448 697 2535 ΠΙ,
728 2471 894 2546 199,
898 2443 1689 2546 fitgitAutonoeiusheros,
1712 2444 2279 2519 Etsetamcelerem
2297 2473 2476 2520 cursu

332 2575 591 2649 nu'tntm·
613 2575 677 2647 in
706 2574 856 2675 ipso.
891 2570 1164 2668 Frigida
1197 2589 1356 2646 sunt
1386 2568 1501 2644 illa
1526 2571 1846 2646 acumina.
1863 2615 1963 2657 f—
1994 2573 2134 2661 111,
2175 2573 2315 2666 425
2334 2629 2353 2661 ,
2392 2573 2472 2648 de

330 2699 638 2775 Narcisso
702 2726 773 2773 se
831 2697 1050 2800 ipsum
1098 2714 1354 2773 amante
1377 2751 1397 2785 ‚
1455 2710 1518 2770 et
1565 2696 1675 2799 qui
1706 2696 1936 2797 probat
1978 2698 2086 2771 ille
2116 2698 2422 2798 probatur
2448 2757 2464 2783 ,

331 2826 632 2930 Dumque
643 2826 804 2928 petit
811 2885 832 2915 ‚
858 2827 1125 2928 petitur,
1149 2827 1498 2927 pariterque
1521 2825 1867 2899 incendite!
1889 2825 2081 2900 ardet.
2113 2827 2435 2901 Eumdem
2451 2884 2471 2915 ‚

332 2952 453 3027 ubi
487 2979 773 3027 errorem
801 2980 994 3027 suum
1025 2953 1293 3048 agnovit
1313 3007 1332 3040 ,
1379 2950 1472 3026 sic
1506 2949 1902 3055 loquentem·
1922 2981 2086 3027 vers.
2136 2951 2278 3046 464
2299 3010 2318 3043 ,
2368 2954 2477 3026 in-

334 3076 559 3151 ducit:
581 3077 913 3151 Flummus
932 3104 1250 3179 moveoque
1249 3075 1530 3179 ftmqw.
1574 3075 1992 3180 Quidsaciam
2014 3082 2059 3150 ,Ρ
2081 3106 2281 3181 roger,
2319 3106 2478 3153 anne

337 3229 536 3302 rogem
557 3207 602 3275 ,Ρ
630 3202 784 3305 quid
807 3202 1024 3277 deinde
1050 3203 1327 3304 rogabo?
1382 3203 1581 3304 Quod
1605 3204 1783 3306 cupio
1815 3232 2044 3279 mecum
2078 3221 2199 3292 est,
2240 3206 2476 3306 inopem

335 3356 433 3401 me
483 3327 663 3429 copia
685 3326 849 3429 fecit
885 3359 910 3401 .·
952 3327 1048 3403 ita
1097 3357 1234 3403 non
1278 3327 1449 3404 solet
1498 3327 1872 3431 desperatio
1917 3327 2234 3407 lascivire.
2291 3331 2477 3408 Idem

337 3482 505 3528 vers.
526 3452 712 3527 505.
738 3453 904 3528 Tum
924 3483 1156 3557 quoque
1177 3483 1276 3542 se,
1305 3469 1631 3556 postquam
1646 3469 1740 3528 est
1754 3454 1987 3556 infima
2003 3453 2147 3529 sede
2171 3471 2469 3557 receptus,

336 3576 427 3651 In
458 3578 675 3685 ὁζῃῄα
698 3579 1008 3681 spectabat
1024 3608 1235 3681 aqua:
1266 3580 1336 3654 in
1371 3579 1605 3655 limosa
1641 3577 1753 3653 illa
1786 3577 2026 3680 palude
2057 3607 2208 3653 non
2219 3598 2482 3680 poterat

338 3704 693 3807 quisquam
724 3734 793 3780 se
821 3723 1137 3807 spectare.
1165 3704 1467 3779 Thisbe
1451 3734 1521 3778 m
1544 3732 1799 3779 summa
1826 3702 2316 3805 desperatione,
2346 3707 2477 3793 IV,

348 3828 521 3916 152,
567 3830 750 3929 justo
782 3829 1084 3926 argutius
1115 3829 1315 3919 dicit,
1369 3829 1588 3933 quique
1632 3857 1676 3902 a
1722 3857 1818 3903 me
1859 3844 2047 3903 morte
2088 3831 2294 3906 revelli
2330 3830 2482 3904 Heu

336 3957 474 4030 sola
494 3972 774 4057 poteras,
816 3957 1050 4059 potens
1084 3985 1193 4031 nec
1237 3972 1429 4032 mode
1463 3956 1682 4032 revelli.
1717 3956 1973 4031 Parum
2014 3954 2230 4058 placet
2246 4012 2264 4045 ‚
2301 3958 2434 4030 Vll
2461 4012 2481 4045 ,

340 4078 516 4182 339,
563 4080 806 4183 duplex
834 4081 1004 4155 illud
1039 4110 1401 4182 oxymoron
1422 4138 1442 4171 ,
1485 4094 1555 4156 ut
1576 4108 1829 4186 quaque
1841 4081 1958 4181 pia
1982 4095 2107 4166 est,
2148 4078 2484 4155 hortatibus

336 4209 530 4309 impin
542 4209 753 4309 prima
770 4224 864 4283 est
889 4239 914 4281 .·
940 4206 1075 4295 Et,
1115 4235 1191 4281 ne
1218 4207 1299 4282 sit
1319 4207 1609 4283 scelerata
1627 4205 1821 4308 ‚fucit
1839 4207 2051 4282 scelus.
2102 4208 2243 4309 Ipsi
2267 4227 2488 4284 autem

341 4353 529 4411 tanto
559 4336 771 4433 magis
802 4333 1237 4439 placuerunt3
1272 4335 1557 4435 repetita
1578 4334 1755 4410 enim
1788 4334 1874 4409 ab
1910 4362 1990 4410 eo
2026 4352 2186 4409 sunt
2210 4353 2486 4437 quater:
