3217 5134
554 554 693 624 DE
741 554 1079 622 OPERE
1125 548 2182 625 METAMORPHOSEON.
2408 554 2448 616 5

304 698 617 802 mythica.
656 700 855 772 Nunc
888 696 1080 771 abest
1132 724 1171 769 a
1220 692 1712 791 gratulantibus
1764 713 1880 769 aut
1933 692 2452 769 condolentibus

304 861 521 920 nnus,
561 860 760 933 quem
797 859 916 905 sua
946 828 1081 904 fata
1113 828 1498 904 retinebant
1520 885 1542 918 ,
1581 858 1729 930 quae
1761 828 1856 902 sic
1888 856 2030 902 non
2065 825 2233 902 male
2287 826 2458 903 rese-

308 984 585 1053 runtur;
624 993 806 1039 nunc
838 992 877 1038 a
906 964 1083 1039 sacto
1114 963 1431 1065 propiore
1462 978 1811 1035 renarrant
1833 959 2060 1062 priora
2097 959 2177 1048 ii,
2210 959 2325 1061 qui
2357 960 2455 1034 rei

311 1115 513 1193 gestae
542 1097 1002 1172 interfuerant.
1034 1092 1381 1170 Interdum
1414 1094 1755 1168 sententiae
1786 1092 2201 1194 interpositas
2225 1091 2309 1165 ad
2329 1092 2455 1168 alia

310 1258 438 1303 nos
474 1228 769 1316 ducunt3
827 1256 1024 1332 qnam
1073 1247 1293 1304 tamen
1335 1226 1649 1321 frigidam
1687 1243 1757 1301 et
1788 1223 2111 1327 puerilem
2160 1223 2452 1300 adsecta-

308 1361 565 1437 tionem
589 1358 878 1458 Quintil.
915 1363 1083 1435 Inst.
1111 1363 1230 1450 IV,
1255 1380 1317 1449 Ι,
1359 1386 1397 1462 7
1416 1387 1443 1432 1
1470 1416 1489 1449 ,
1519 1358 1858 1445 nominat,
1886 1355 2045 1432 licet
2077 1385 2214 1431 non
2251 1376 2451 1454 neget

306 1492 607 1567 excusari
629 1491 949 1566 Ovidium
973 1491 1394 1581 necessitate,
1419 1491 1553 1566 hoc
1575 1510 1678 1567 est
1700 1489 1845 1587 lege
1864 1547 1884 1580 ‚
1915 1518 2114 1593 quam
2139 1489 2282 1590 ipse
2318 1487 2450 1564 sibi

308 1623 807 1727 praescripserit.
865 1625 1048 1698 Loco
1084 1624 1428 1699 sententiae
1451 1652 1935 1725 nonnunquam
1969 1621 2164 1725 plura
2198 1651 2278 1697 ex
2309 1622 2450 1696 his-

309 1756 480 1831 toria
511 1772 946 1857 repetuntur,
982 1785 1270 1858 quorum
1300 1785 1428 1859 ope
1458 1786 1563 1833 res
1598 1754 2054 1832 dissimillimas
2078 1755 2323 1855 junctae
2345 1783 2448 1829 re-

307 1890 681 1989 periuntur,
719 1907 799 1964 ut
835 1890 1149 1965 Herculis
1184 1892 1568 1995 apotheosis
1598 1908 1668 1966 et
1709 1889 2131 1965 Galanthidis
2165 1890 2238 1962 in
2266 1917 2451 1964 mus-

308 2021 503 2096 telam
531 2024 836 2097 mutatio.
876 2025 1058 2097 Raro
1077 2052 1288 2097 nexus
1311 2022 1650 2125 reperitur
1671 2052 1907 2124 parum
1932 2020 2341 2125 probabilis,
2369 2039 2448 2096 ut

305 2157 415 2253 11,
473 2153 621 2228 368
641 2212 662 2245 ‚
715 2155 837 2231 ubi
888 2156 1181 2253 Liguriae
1242 2183 1358 2231 rex
1410 2157 1653 2253 reginae
1707 2155 2069 2258 AEthiopiae
2125 2154 2469 2250 sang-uine-

300 2289 578 2391 junctns
608 2307 846 2365 contra
880 2289 1079 2365 fidem
1118 2289 1441 2379 traditur3
1496 2308 1563 2365 et
1586 2268 1753 2364 Vl'll
1775 2347 1794 2379 ,
1840 2288 1981 2382 548
2006 2346 2023 2377 ,
2060 2289 2134 2363 in
2162 2317 2445 2386 geogra-

304 2423 535 2527 phiam
581 2453 662 2498 eo
715 2424 998 2500 consilio
1047 2442 1392 2528 peccatum
1428 2442 1566 2511 est,
1618 2423 1776 2497 dum
1800 2423 2067 2498 Theseo
2103 2421 2443 2525 Calydone

302 2555 605 2632 Athenas
638 2556 945 2632 redeunti
989 2556 1331 2631 Achelous
1360 2556 1601 2630 fluvius
1638 2555 1972 2656 objicitur.
2029 2552 2218 2628 Saltu
2263 2553 2438 2627 facto

302 2688 397 2777 V,
451 2686 640 2789 5723
686 2687 806 2761 sed
836 2686 946 2762 'vix
977 2684 1139 2762 alibi
1171 2687 1511 2763 transitur.
1559 2690 1809 2762 Verum
1846 2686 2061 2761 omnis
2093 2685 2233 2759 haec
2276 2677 2470 2759 con-³

300 2822 496 2897 nexio
526 2820 906 2896 fabularum
934 2819 1175 2895 clarius
1205 2819 1517 2896 elucescit
1537 2849 1574 2894 e
1598 2820 1766 2895 serie
1785 2875 1807 2909 ,
1848 2847 2048 2921 quam
2070 2818 2230 2893 huic
2257 2847 2445 2894 com-

298 2952 699 3027 mentationi
721 2952 1161 3052 subjecimus:
1186 2970 1253 3028 et
1270 2981 1489 3055 operae
1505 2953 1797 3055 pretium
1824 2969 1925 3027 est
1940 2951 2012 3025 in
2037 2948 2439 3054 perlegendo

301 3118 500 3191 opere
531 3089 684 3191 ipso
720 3088 805 3163 ad
834 3116 977 3164 eam
1008 3087 1369 3162 attendere.

400 3222 587 3297 Hinc
617 3221 988 3311 videamus,
1048 3250 1180 3323 qua
1212 3238 1352 3296 arte
1385 3219 1655 3322 mythos
1691 3219 1785 3294 sic
1819 3245 2026 3292 nexos
2065 3235 2266 3321 poeta
2302 3216 2442 3292 dis-

301 3355 608 3460 posuerit
636 3372 834 3456 atque
861 3356 1293 3430 exornaverit.
1316 3354 1698 3455 Plerisque,
1736 3352 1853 3456 qui
1878 3370 2218 3429 narrantes
2240 3350 2440 3426 indu-

302 3509 584 3579 cuntur,
621 3490 1014 3565 tribuuntur
1048 3519 1195 3592 quae
1231 3490 1536 3592 personis
1565 3518 1796 3564 eornm
1832 3489 2256 3565 conveniunt.
2288 3486 2443 3561 Sce-

296 3622 483 3699 lesta
520 3622 817 3698 Pierides
868 3640 1117 3697 canunt
1151 3651 1297 3724 quae
1326 3623 1511 3696 Deos
1538 3620 1888 3709 dedecent,
1910 3619 2114 3721 impia
2129 3616 2439 3692 Arachne

294 3754 684 3832 corumdem
730 3754 983 3851 flagitia
1036 3754 1235 3843 texit3
1274 3752 1684 3855 Minyeides,
1719 3750 1958 3856 puellae
2013 3751 2387 3854 petulantes
2416 3806 2435 3839 ‚

288 3892 640 3967 amoribus
659 3890 1044 3966 enarrandis
1064 3889 1416 3988 indulgent
1441 3921 1458 3981 ;
1494 3890 1813 3993 Orpheus
1832 3947 1851 3980 ,
1879 3888 2256 3964 Thracibus
2272 3915 2438 3990 pue-

288 4052 527 4099 rorum
562 4052 852 4100 amorem
889 4024 1472 4100 commendaturus
1493 4080 1513 4113 ‚
1563 4023 1646 4099 de
1689 4021 1915 4124 pueris
1968 4020 2147 4095 canit
2200 4047 2239 4093 a
2288 4019 2439 4094 Diis

291 4156 580 4233 dilectis.
605 4160 967 4235 Varietatis
998 4186 1196 4235 causa
1226 4156 1537 4233 nonnulli
1561 4185 1686 4233 sua
1712 4156 1846 4232 fata
1866 4155 2000 4258 ipsi
2019 4172 2292 4230 narrant
2307 4211 2326 4245 ‚
2363 4172 2442 4230 ut

292 4292 642 4369 Arethusa
673 4310 743 4370 et
775 4291 1117 4369 Achelous
1133 4350 1153 4382 ‚
1194 4318 1592 4393 quamquam
1639 4289 1756 4366 hie
1794 4288 2017 4365 minus
2053 4286 2398 4365 commode
2424 4341 2444 4376 ‚
