3217 5134
611 562 1694 636 METAMORPHOSEON
1746 566 1945 638 LIB.
1995 570 2054 635 I.
2311 570 2396 637 83

251 707 567 807 Cumque
601 705 763 779 satis
790 703 1062 778 arbusta
1101 704 1297 777 simul
1324 757 1341 791 ,
1378 705 1831 807 pecudesque,
1865 705 2213 808 virosque,

247 825 593 924 Tectaque
621 853 637 908 3
677 819 959 920 cumque
993 821 1132 894 suis
1163 821 1437 922 rapiunt
1469 822 1829 923 penetralia
1866 824 2087 899 sacris.

251 940 332 1013 Si
377 968 510 1039 qua
542 937 779 1011 domus
813 936 1058 1009 mansit
1081 992 1100 1025 ‚
1139 938 1499 1038 potuitque
1531 939 1835 1014 resistere
1872 956 2059 1015 tanto

249 1054 594 1154 Indejecta
627 1051 834 1139 malo,
873 1051 1136 1127 culmen
1172 1065 1392 1127 tamen
1428 1052 1625 1127 altior
1651 1054 1854 1155 hujus

252 1178 464 1251 Unda
499 1177 697 1272 tegit,
735 1202 1111 1277 pressaeque
1143 1173 1373 1249 labant
1406 1176 1534 1249 sub
1569 1177 1831 1273 gurgite
1870 1195 2105 1254 turres.

2305 1217 2405 1274 290

249 1304 545 1403 Jamque
574 1328 753 1375 mare
788 1316 855 1412 et
890 1297 1087 1374 tellus
1121 1285 1380 1373 nullum
1418 1298 1774 1375 discrimen
1808 1301 2166 1378 habebant.

254 1425 512 1500 Omnia
541 1441 796 1525 pontus
828 1440 1048 1512 erant3
1082 1423 1353 1498 deerant
1388 1452 1656 1525 quoque
1693 1424 1889 1499 litora
1922 1445 2151 1528 ponto.

258 1551 572 1650 Occupat
604 1548 715 1622 hic
751 1545 994 1623 collem
1033 1577 1051 1622 ε
1093 1548 1328 1650 cymba
1362 1548 1548 1623 sedet
1581 1547 1746 1623 alter
1777 1548 2064 1640 adunca,

238 1763 434 1833 smus
451 1764 646 1816 cumulo
660 1802 674 1824 ,
699 1779 998 1831 camposque
1005 1782 1102 1831 per
1117 1783 1288 1818 omnes

261 1848 389 1900 Can
412 1849 632 1899 stabulis
655 1852 884 1897 amenta
905 1848 1078 1898 trahil.

326 1925 634 1994 287.Sacr1’s.
642 1923 820 1988 Sacra,
833 1924 1108 1978 simulacra
1119 1924 1286 1979 Pena·

258 2014 374 2056 tum
399 2020 627 2072 quorum
647 2002 868 2056 sacraria
886 2012 1037 2055 erant
1046 2010 1286 2069 penetra-

255 2079 476 2134 lavid.
497 2077 672 2133 Cerda
686 2079 749 2132 ad
765 2079 908 2150 Virg.
923 2079 1048 2133 AEn.
1071 2080 1144 2146 11,
1166 2081 1280 2154 293,

257 2169 311 2212 et
327 2159 382 2210 H
387 2178 523 2229 eyne
541 2157 663 2211 Exc.
681 2156 773 2210 lx.
788 2186 855 2197 —
868 2159 1092 2218 Mancre.
1111 2182 1283 2226 μωσιν,

258 2235 512 2290 dicuntur
538 2254 655 2305 quae
676 2246 869 2288 statum
895 2254 1051 2288 suum
1073 2246 1283 2289 servant

253 2313 786 2368 immotazLiv.XXl
804 2354 818 2381 ,
849 2315 928 2367 58.

324 2393 440 2466 289.
462 2392 738 2460 Indejecla.
776 2390 1014 2460 Quidam
1037 2391 1284 2461 indissec-

256 2479 342 2534 la,
371 2469 515 2540 quod
535 2469 721 2540 probat
745 2470 1039 2524 Burmann.
1055 2469 1120 2523 ad
1143 2469 1279 2538 XII,

263 2569 389 2624 ¹⁰9·
418 2548 509 2602 ubi
533 2547 719 2615 docet,
748 2549 951 2616 d1lcs'1'ce'.
987 2567 1103 2619 quae
1128 2569 1283 2602 ever-

257 2637 444 2681 tantur
470 2635 523 2679 et
547 2625 887 2679 destruantur
911 2627 1010 2694 ita,
1039 2638 1097 2680 ut
1121 2628 1174 2680 in
1203 2626 1282 2680 di·-

257 2724 431 2759 versas
447 2714 620 2774 partes
639 2703 785 2773 quasi
801 2705 934 2774 jacta
956 2705 1280 2776 frangantur.

323 2801 440 2856 ²9⁰·
480 2783 688 2835 Labant
721 2800 818 2852 pro
858 2785 1024 2836 laten!
1054 2782 1283 2836 restituit

255 2863 479 2930 Heins.,
506 2882 534 2916 e
561 2862 750 2917 Senec.
776 2863 841 2917 N.
871 2861 944 2933 Q.
971 2862 1089 2930 111,
1120 2884 1280 2931 27.—

261 2941 472 3001 Turres,
508 2958 649 2994 arces
674 2958 859 3011 regum
900 2939 1282 3009 beatorumque

251 3018 537 3072 hominum
566 3019 775 3072 altiores
801 3058 816 3087 ‚
860 3029 952 3072 aut
977 3016 1194 3072 edificia
1223 3018 1282 3070 in

252 3115 381 3149 mon
391 3097 527 3150 tibus
538 3106 818 3150 exstructa:
834 3096 957 3151 tales
968 3107 1284 3165 turres,qua·

253 3175 328 3229 les
342 3194 440 3229 nos
454 3174 682 3240 bahem„
700 3175 959 3245 ignoravit
971 3175 1133 3245 prisca
1145 3183 1283 3228 otas.

322 3254 560 3327 292-308.
583 3256 769 3306 Omnia
773 3261 963 3321 ponlus
977 3260 1135 3306 emal.
1151 3253 1279 3305 Lau·

252 3330 345 3384 dat
365 3332 552 3385 Burm.
578 3329 796 3385 Anthol.
818 3330 901 3384 lib.
926 3330 979 3384 ΙΙ
999 3370 1014 3399 ,
1042 3350 1153 3400 cap.
1177 3347 1278 3398 XL,

257 3408 377 3475 234,
395 3408 481 3462 ubi
501 3407 566 3462 de
584 3407 686 3463 hoe
699 3407 914 3476 diluvio,
930 3415 1051 3485 &stop
1066 3412 1135 3463 ὅτε
1148 3405 1282 3462 πάντ’

253 3494 458 3554 blunt.
478 3515 548 3527 —
577 3490 811 3541 Beeran!
835 3498 932 3541 etc.
959 3487 1089 3541 Haec
1119 3487 1279 3541 verba

247 3566 336 3619 vix
382 3568 506 3620 ferri
547 3578 765 3636 possunt
786 3589 800 3634 ς
852 3567 983 3620 adeo
1027 3568 1279 3639 languent

249 3657 371 3717 post
388 3647 784 3702 antecedentia!
801 3647 980 3702 sedin
1001 3648 1149 3700 omni
1169 3666 1278 3715 seq.

246 3728 368 3780 loco
392 3727 684 3786 accusanda
711 3741 790 3783 est
825 3728 1050 3782 luxuries
1080 3727 1280 3798 ingenii

247 3804 508 3859 Ovidiani
526 3847 542 3875 ,
569 3819 788 3877 propter
807 3808 1028 3861 nimiam
1046 3805 1281 3877 longitu-

245 3883 440 3937 dinem
458 3923 474 3950 ‚
496 3896 709 3955 propter
727 3886 975 3939 minutias
992 3924 1006 3949 ‚
1031 3903 1157 3953 quas
1173 3903 1278 3937 sec.-

243 3969 429 4027 tatur,
458 3971 512 4014 et
541 3963 679 4031 quod
708 3962 966 4016 nonnulla
988 3980 1151 4031 prope
1183 3960 1277 4029 jo·-

241 4057 370 4092 cosa
397 4035 622 4094 admixta
649 4052 774 4095 sunt
791 4081 806 4107 ‚
847 4059 962 4112 quae
989 4039 1275 4092 abhorrent

241 4138 277 4170 a
319 4128 481 4172 tantae
519 4120 678 4175 cladis
719 4120 1086 4192 descriptione.
1132 4121 1274 4175 Vere

244 4194 437 4250 Senec.
463 4198 530 4252 N.
557 4196 630 4268 Q.
656 4198 772 4262 111,
804 4221 897 4271 27,
927 4200 1012 4252 ubi
1039 4197 1089 4254 h.
1117 4198 1146 4250 Ι.
1175 4218 1271 4250 re-

240 4287 427 4330 censet
453 4297 467 4331 :
505 4280 609 4331 Pro
631 4284 974 4348 magnitudine
997 4284 1078 4332 [εἰ
1100 4282 1238 4330 ‹lm-it
1256 4297 1273 4332 .·

247 4351 458 4410 Omnia
475 4367 672 4428 pontus
693 4367 789 4412 etc.
806 4398 822 4427 ,
848 4364 958 4411 nisi
974 4364 1167 4412 tantum
1185 4361 1274 4410 im·

1374 1769 1547 1833 pelam
1591 1767 1791 1833 tageni!
1833 1773 1888 1818 et
1927 1769 2148 1818 παίει-ιλ·
2185 1770 2404 1835 pum'les

1379 1849 1601 1912 ineptias
1626 1849 1913 1899 mdatisset
1936 1863 1955 1895 .·
1988 1847 2093 1900 Nat
2127 1848 2279 1918 lupus
2303 1860 2402 1903 etc.

1380 1925 1497 1977 Non
1511 1931 1592 1977 est
1602 1944 1684 1977 res
1701 1930 1833 1977 salis
1844 1929 2018 1979 sobria
2032 1967 2044 1980 .
2072 1928 2309 1980 lasce's’ioe
2321 1932 2404 1982 de-

1382 2008 1553 2053 vorato
1576 2004 1694 2053 orbe
1714 2009 1969 2054 terrarum.
1996 2002 2288 2072 Exspatiata
2306 2014 2405 2058 etc.

1380 2080 1570 2146 Magni
1597 2098 1656 2132 ce
1681 2081 1778 2132 hoc
1794 2120 1808 2138 .
1848 2085 1905 2132 se'
1928 2099 2026 2132 non
2062 2086 2261 2133 curavi!
2284 2085 2412 2149 quid

1381 2176 1497 2211 oc'es
1516 2165 1573 2209 el
1590 2159 1931 2225 Iupifizcianl.
1958 2160 2149 2218 Nalm-i
2164 2165 2331 2210 aulem
2348 2164 2405 2212 ite

1379 2235 1570 2288 diluvio
1573 2241 1750 2302 poles!
1764 2235 1794 2290 ?
1809 2245 1907 2288 etc.
1925 2234 2129 2288 Primas
2151 2247 2327 2289 autem
2349 2237 2401 2289 h.

1379 2311 1412 2365 l.
1428 2311 1592 2366 lineas
1614 2313 1746 2366 Hor.
1765 2313 1822 2382 Ι,
1845 2312 1952 2368 Od.
1978 2331 2054 2381 11,
2075 2314 2204 2367 6-12
2222 2313 2401 2384 duxit,

1379 2391 1469 2459 qui
1495 2401 1548 2445 et
1565 2392 1670 2461 ipse
1695 2391 1805 2460 jam
1824 2392 2052 2463 antiquis
2075 2391 2283 2448 Criticis
2299 2393 2403 2448 dis-

1378 2468 1571 2539 plicuit.
1598 2469 1791 2540 Porph.
1815 2469 1879 2523 ad
1908 2472 2051 2525 illum
2078 2472 2250 2526 locum
2271 2492 2283 2525 :
2301 2474 2404 2526 Le-

1375 2545 1504 2601 'eiler
1517 2589 1527 2608 ,
1557 2548 1609 2600 in
1618 2547 1730 2617 quit
1749 2589 1763 2615 ,
1791 2554 1844 2603 ln
1863 2571 1917 2603 re
1932 2557 2036 2603 lam
2051 2556 2221 2604 alroce‘
2232 2556 2404 2617 elpis-

1376 2632 1508 2679 ct’um
1523 2629 1926 2693 elpalumbarum
1940 2635 2176 2683 meminit.
2205 2628 2401 2682 Iisdem

1375 2705 1511 2759 vitiis
1539 2706 1675 2759 infra
1703 2707 1756 2760 11
1781 2745 1796 2772 ,
1823 2707 1922 2761 sab.
1950 2725 1970 2761 1
1989 2748 2003 2774 ‚
2038 2707 2269 2761 incendii
2292 2707 2400 2761 de-

1374 2785 1585 2855 scriptio
1603 2784 1818 2841 laborat.
1832 2786 2080 2857 -Spero
2098 2806 2183 2840 me
2205 2786 2400 2841 habere

1376 2884 1483 2935 quo
1496 2866 1749 2919 Nostrum
1776 2867 1839 2919 ab
1857 2863 1952 2919 hac
1975 2865 2301 2935 sugillatione
2323 2885 2398 2919 as-

1377 2964 1548 2998 seram
1576 2967 1589 3007 ;
1644 2944 1802 3015 idque
1837 2944 2084 3015 principis
2125 2954 2403 3014 poetarum

1379 3024 1634 3096 exemplo.
1677 3024 1863 3093 Neque
1905 3022 2051 3076 enim
2097 3021 2182 3077 hic
2208 3065 2220 3085 ,
2280 3023 2399 3076 alibi

1379 3105 1514 3157 sorte
1536 3143 1551 3170 ,
1589 3102 1819 3170 lascivit,
1854 3099 1944 3156 sed
1973 3101 2109 3155 serio
2144 3111 2196 3154 et
2227 3101 2399 3155 sobrie

1379 3193 1528 3237 curat
1544 3179 1670 3252 quid
1697 3192 1813 3251 agat
1834 3180 1984 3252 lupus
2001 3180 2142 3235 inter
2161 3199 2311 3244 oves;
2340 3192 2400 3235 ut

1379 3260 1466 3329 qui
1484 3260 1660 3313 salutis
1671 3279 1777 3314 suae
1786 3269 1980 3331 satagat
1996 3279 2104 3312 non
2119 3259 2399 3329 respiciens

1378 3336 1607 3409 predam
1634 3378 1649 3405 ,
1693 3339 1788 3392 sibi
1833 3338 2110 3408 prospiciat
2136 3377 2151 3404 ,
2200 3336 2347 3408 rapiu

1377 3416 1558 3485 utique
1581 3414 1877 3470 immemor.
1892 3415 2075 3484 Virgil.
2098 3413 2291 3485 Georg.
2312 3356 2399 3468 lit

1377 3496 1461 3550 III
1481 3536 1495 3562 ,
1524 3516 1656 3549 vers.
1691 3498 1783 3564 537
1805 3537 1820 3561 ‚
1847 3496 1902 3548 in
1928 3494 2241 3567 hypotyposi
2269 3493 2398 3547 dirae

1377 3585 1430 3627 et
1449 3574 1627 3626 omnia
1648 3573 1941 3645 populantis
1957 3570 2112 3641 pestis
2125 3613 2138 3634 ,
2160 3583 2276 3642 post
2293 3583 2405 3625 tau·

1375 3671 1490 3718 ros,
1513 3671 1675 3720 equos
1693 3691 1707 3717 ,
1730 3670 1876 3718 sues,
1905 3649 2148 3703 homines
2163 3691 2177 3716 ,
2205 3650 2396 3706 hostias

1374 3727 1459 3781 lue
1476 3728 1714 3797 abreptas
1732 3769 1746 3795 ,
1766 3727 1941 3796 adjicit
1959 3729 2156 3782 etseras
2168 3730 2363 3798 rapina}
2379 3769 2394 3796 ,

1373 3825 1480 3875 proe
1505 3805 1717 3876 langore
1734 3845 1749 3874 ,
1773 3806 2114 3860 immemores
2130 3846 2144 3873 ,
2172 3806 2398 3877 promis-

1372 3902 1468 3936 cue
1497 3883 1639 3937 inter
1664 3896 1886 3939 assuetas
1910 3884 2108 3955 praedas
2134 3885 2396 3938 obambu-
2424 3893 2487 3960 vv·

1371 3964 1477 4017 lare
1491 3984 1503 4017 :
1523 3968 1637 4017 Non
1654 3967 1803 4033 lupus
1813 3969 2032 4024 e'asidtias
2049 3967 2282 4032 explorat
2291 3970 2400 4018 oei-

1369 4047 1445 4095 lt‘a
1480 4048 1665 4096 circum
1678 4081 1691 4108 ,
1735 4046 1843 4097 Nec
1868 4046 2097 4112 gregibus
2127 4048 2399 4097 noclurtms

1369 4123 1663 4173 obambulat
1671 4137 1688 4186 ‚⁶
1708 4139 1867 4190 quare
1884 4121 2241 4175 ?acn‘or1‘llum
2262 4123 2395 4175 Cura

1369 4201 1546 4252 doma!
1560 4219 1577 4252 .·
1594 4203 1766 4251 limidi
1778 4203 1939 4251 dama
1953 4240 1966 4262 ‚
1994 4202 2216 4268 cervique
2218 4200 2391 4269 suga-

1368 4297 1479 4340 ces,
1517 4280 1664 4330 Nunc
1684 4282 1903 4345 interque
1923 4296 2078 4332 canes
2090 4319 2106 4344 ,
2133 4285 2186 4331 el
2216 4284 2401 4333 cti-cun

1368 4363 1503 4409 tecla
1527 4363 1789 4424 vagantur.
1817 4356 1917 4410 Ed.
