3217 5134
598 547 1633 647 METAMoRPHosEoN
1680 582 1874 650 LIB.
1927 583 2062 650 v1.

2273 583 2406 674 469

284 712 618 809 Quattuor
646 714 757 789 ille
794 716 1059 817 quidem
1090 717 1397 815 juvenes»,
1433 717 1842 819 totidemque
1877 738 2125 795 crearat

279 828 593 903 Femineae
625 832 824 905 sortis
853 862 867 905 :
898 832 1014 907 sed
1048 849 1189 907 erat
1219 862 1343 934 par
1366 833 1576 908 forma
1609 834 1921 922 duarum,
2298 863 2400 914 68⁰

278 945 337 1017 E
367 945 613 1044 quibus
646 945 942 1020 AEolides
977 947 1309 1049 Cephalus
1340 966 1406 1023 te
1439 950 1719 1049 conjuge
1749 950 1906 1025 felix
1928 1008 1946 1040 ,

277 1058 545 1150 Procri,
578 1061 709 1136 fuit
734 1093 748 1136 :
777 1065 1008 1139 Boreae
1037 1067 1287 1140 Tereus
1319 1064 1743 1168 Thracesque
1773 1068 2141 1156 nocebant3

278 1176 665 1279 Dilectaque
692 1179 807 1254 diu
832 1182 1045 1255 caruit
1074 1183 1259 1257 Deus
1294 1183 1605 1285 Orithyia
1625 1239 1645 1272 ‚

277 1291 453 1365 Dum
491 1313 721 1391 rogat,
755 1314 822 1371 et
859 1299 1169 1398 precibus
1203 1299 1485 1389 mavult,
1520 1309 1718 1402 quam
1749 1298 2006 1374 viribus
2027 1356 2045 1388 ,
2081 1300 2202 1374 uti.

272 1413 399 1486 Ast
431 1414 552 1488 ubi
586 1414 930 1491 blanditiis
962 1419 1183 1514 agitur
1206 1417 1411 1508 nihil,
1452 1416 1761 1492 horridus
1796 1417 1931 1504 ira,

2296 1439 2398 1495 685

276 1527 442 1624 Quae
476 1530 675 1606 solita
708 1550 809 1607 est
840 1532 978 1621 illi,
1008 1534 1420 1636 nimiumque
1452 1535 1847 1623 domestica,
1878 1552 2116 1626 vento;

271 1644 363 1717 Et
395 1647 631 1720 merito
653 1703 671 1735 ,
708 1647 877 1722 dixit
900 1705 920 1738 ‚
955 1683 988 1715 «
1016 1649 1181 1751 quid
1217 1651 1391 1724 enim
1422 1678 1566 1726 mea
1600 1649 1730 1725 tela
1760 1649 2042 1752 reliqui,

278 1875 304 1900 n
330 1854 506 1908 monis
520 1853 656 1909 filius
670 1855 884 1924 Boreas,
901 1856 1162 1930 Orithyiae
1177 1878 1289 1929 rap-

274 1953 301 1977 »
332 1941 447 1999 tor,
472 1943 534 1986 ut
563 1932 794 2004 Isagoras
817 1936 872 1988 in
897 1936 1175 2005 Megaricis
1191 1946 1290 1988 tra·

274 2029 302 2055 »
328 2007 408 2062 dit
428 2031 444 2072 ;
475 2008 569 2063 sed
609 2021 777 2080 poetae
814 2031 929 2065 rem
971 2013 1034 2064 ab
1071 2011 1288 2064 homine

272 2107 300 2132 ›-
326 2086 395 2139 ad
419 2098 644 2141 ventum
677 2090 1012 2143 transferunt.
1040 2089 1289 2142 Hermias

270 2187 299 2212 x
328 2184 461 2218 vero
490 2166 792 2220 Platonicus
818 2166 1100 2221 Erechthei
1125 2166 1287 2222 liliam

270 2263 298 2287 »
326 2241 612 2311 Aquilonis
622 2243 762 2313 impe
770 2254 824 2296 tu
835 2263 897 2296 ex
910 2243 1015 2296 alto
1027 2242 1287 2311 dejectam

270 2340 298 2364 »ι
334 2319 548 2388 periisse
565 2319 751 2386 credit,
769 2331 821 2374 et
843 2319 967 2374 inde
990 2322 1181 2374 sactum
1196 2358 1211 2385 ,
1227 2329 1288 2372 ut

268 2416 297 2440 τ·
327 2395 614 2449 hominum
636 2416 785 2451 more
811 2417 840 2451 a
859 2409 1019 2451 vento
1040 2407 1188 2467 rapta
1210 2396 1286 2450 di·

269 2497 297 2523 υ
326 2487 495 2530 catur.
522 2476 675 2531 Idem
697 2476 852 2531 docet
874 2476 1135 2531 Acesilaus
1152 2516 1165 2542 ‚
1186 2496 1286 2534 re-

269 2576 296 2601 »
321 2556 530 2608 serente
549 2554 886 2625 Apollodoro.
903 2577 928 2601 υ
956 2553 1112 2624 Apud
1128 2555 1285 2609 Pale-

266 2632 493 2703 phatum
510 2673 526 2700 ,
553 2652 662 2703 cap.
686 2634 748 2686 23
765 2673 780 2700 ‚
806 2635 1002 2688 Boreas
1026 2633 1111 2688 hic
1132 2653 1285 2687 voca-

265 2723 356 2765 tm·
394 2715 509 2789 ἀνὴρ
536 2717 612 2768 οὐκ
650 2715 842 2780 aupes.
881 2711 1150 2766 Coeterum
1174 2711 1284 2766 haec

263 2794 454 2863 rapina
471 2812 707 2862 expressa
724 2794 901 2846 eratin
918 2811 1034 2846 area
1050 2792 1282 2866 Cypseli,

264 2870 354 2924 ubi
394 2871 595 2924 Boreas
635 2871 749 2923 loco
792 2869 989 2939 pedum
1031 2871 1282 2939 anguium

260 2949 457 3003 caudas
496 2946 736 3002 habebat.
798 2947 1079 3001 Pausanias
1124 2947 1281 3001 Eliac.

264 3047 312 3096 p.
338 3030 453 3094 424.
467 3054 538 3066 —
552 3027 861 3078 Erechtheus
884 3024 1126 3078 successit
1148 3025 1284 3078 Pan·

264 3104 412 3158 dioni
434 3105 459 3159 1
478 3144 493 3171 ,
514 3121 657 3157 anno
681 3103 804 3169 1423
826 3113 946 3155 ante
969 3120 1055 3155 aer.
1081 3101 1209 3157 Chr.
1233 3104 1284 3158 Is

260 3182 463 3249 justitia
474 3199 585 3235 non
600 3182 797 3246 minus,
810 3198 968 3249 quam
979 3180 1169 3233 virtute
1180 3180 1283 3235 bel·

260 3259 359 3313 lica
377 3300 394 3326 ‚
413 3258 711 3313 excellebat.
732 3257 956 3312 Summa
974 3258 1111 3330 regis
1124 3258 1247 3312 laus.

326 3338 446 3412 679.
466 3339 717 3403 Quattuor
724 3340 814 3389 tlte
830 3336 1096 3405 ...juvenen
1112 3336 1158 3389 E
1168 3335 1285 3390 filiis

267 3413 575 3484 Cecropsll
599 3414 841 3468 successit
863 3414 1012 3483 patri.
1042 3417 1292 3481 Quattuor

260 3492 481 3564 plurimi
508 3503 822 3547 memorant.
859 3492 1167 3559 Pausanias,
1194 3493 1247 3548 11
1266 3533 1281 3560 ,

262 3574 361 3634 25;
388 3569 629 3623 Eustath.
644 3569 708 3623 ad
728 3569 876 3636 ll.B‚
898 3589 946 3639 p.
971 3588 1082 3640 ²9¹·
1108 3569 1283 3622 Etiam

262 3647 407 3718 apud
436 3646 819 3717 Apollodorum
842 3647 930 3701 ubi
954 3657 1059 3701 tres
1078 3658 1283 3701 tantum

261 3736 661 3792 memorantur,
682 3725 922 3799 Heynius
936 3725 1175 3779 excidisse
1189 3744 1282 3796 pu·

261 3817 340 3860 tat
363 3816 617 3876 quartum
635 3805 829 3860 OEnea.
841 3833 907 3846 —
921 3807 1102 3868 Sorttir,
1120 3824 1283 3860 sexus.

263 3886 331 3939 ln
354 3884 565 3937 filiabus
585 3882 702 3937 duo
717 3884 811 3938 sibi
828 3884 1048 3954 equales
1063 3883 1285 3954 pulchri·

259 3962 458 4015 tudine
471 3999 486 4026 ,
502 3981 531 4013 e
557 3961 743 4030 quibus
761 3962 981 4016 Procrin
998 3961 1144 4016 duxit
1164 3960 1284 4016 Ce-

260 4040 459 4113 phalus
476 4077 491 4106 ,
509 4038 736 4094 Deionei
756 4041 892 4095 filius
905 4081 920 4108 ‚
938 4043 1087 4096 AEott’
1100 4061 1282 4113 nepos,

258 4121 372 4176 vid.
407 4117 695 4185 Heinsius,
713 4118 776 4172 ad
794 4120 932 4187 Vll,
949 4120 1080 4190 6723
1116 4120 1285 4174 Mun-

258 4203 375 4256 ker.
402 4196 472 4253 ad
494 4199 694 4272 Hygini
734 4199 960 4254 fabulam
983 4203 1076 4268 ¹4³
1102 4219 1284 4271 quan-

265 4297 439 4350 quam
464 4277 548 4331 alii
578 4296 702 4331 eum
725 4278 980 4333 Mercurii
1004 4277 1171 4333 filium
1194 4279 1283 4333 sa-

263 4362 421 4415 ciunt
439 4397 457 4427 ‚
492 4357 634 4414 unde
673 4361 903 4433 Cyllenia
932 4363 1103 4427 proles
1117 4401 1132 4427 ,
1172 4359 1284 4414 Art.

1387 1845 1567 1898 Amat.
1599 1844 1722 1912 ΙΙΙ,
1756 1847 1865 1914 725·
1905 1842 2190 1916 Orithyian
2228 1844 2399 1914 rapuit

1386 1925 1617 1990 Boreas,
1642 1923 1726 1976 cui
1764 1923 1962 1993 petenti
1998 1921 2161 1976 filiam
2183 1922 2398 1977 Erech-

1387 2002 1538 2055 theus
1559 2001 1684 2055 dare
1709 2001 1983 2070 noluerat,
2013 2005 2222 2057 territus
2245 2005 2400 2056 inau-

1386 2079 1494 2134 dita
1524 2083 1671 2134 Terei
1693 2084 1918 2135 Threicii
1931 2080 2321 2136 crudelitate.—
2331 2085 2401 2135 Te

1381 2158 1773 2227 conjugeseltlu
1787 2161 1970 2213 confer
1986 2159 2096 2213 v11
2116 2200 2130 2227 ,
2148 2160 2248 2232 696
2268 2180 2280 2214 ι
2299 2161 2399 2212 suit

1384 2235 1547 2290 veluti
1582 2236 1809 2290 formula
1831 2236 2094 2291 solemnis.
2115 2264 2181 2277 —
2212 2237 2395 2289 Tereus

1394 2317 1706 2385 Thracesque
1717 2319 1989 2381 nocebant5
2006 2315 2282 2370 crudelitas
2298 2316 2400 2370 Te-

1383 2392 1461 2444 rei
1503 2412 1562 2447 ac
1595 2393 1864 2448 Thracum
1904 2394 2090 2449 Boreae
2105 2433 2121 2462 ,
2146 2414 2214 2448 ne
2254 2394 2398 2450 Ori-

1385 2471 1565 2544 thyian
1596 2472 1814 2527 duceret
1831 2514 1846 2541 ,
1864 2475 2101 2528 nocebat.
2123 2478 2398 2530 Eia—Ca-

1381 2556 1494 2602 ruz't.
1522 2551 1779 2606 Menandi
1806 2551 1990 2607 Codex
2008 2593 2023 2619 ,
2048 2557 2220 2607 caluit.
2242 2555 2394 2626 Regii

1382 2630 1547 2683 nostri
1559 2668 1574 2695 ,
1595 2636 1774 2683 caruit.
1785 2660 1852 2674 —
1863 2634 2020 2686 Deus.
2036 2631 2232 2685 Boreas
2249 2634 2392 2686 enim

1380 2704 1529 2760 Deus
1546 2706 1834 2760 habebatur
1846 2747 1861 2773 ,
1878 2709 1961 2762 cui
1978 2727 2120 2762 sacra
2136 2709 2394 2764 faciebant

1383 2785 1980 2855 Megapolitani,Thurii
2001 2826 2015 2853 ,
2033 2788 2396 2842 Athenienses.

1381 2864 1697 2931 Pausanias,
1737 2863 1927 2917 Arcad.
1965 2884 2012 2934 p.
2038 2864 2168 2932 673;
2199 2862 2390 2920 AElian.

1382 2942 1447 2993 V.
1472 2942 1543 2994 H.
1582 2957 1696 3006 ΧΗ,
1736 2941 1830 3004 613
1865 2941 2068 2994 Herod.
2095 2943 2239 3010 Vll,
2283 2945 2391 3015 189.

1382 3019 1605 3092 Hymno
1621 3038 1745 3072 eum
1763 3019 2041 3073 celebravit
2056 3019 2328 3091 Orpheus:
2350 3024 2390 3077 is

1379 3098 1528 3151 esth.
1547 3118 1625 3170 79.
1653 3097 2006 3153 Athenienses
2029 3120 2153 3154 vero
2175 3101 2242 3154 ob
2266 3121 2389 3173 rap·-

1378 3187 1489 3231 tam
1525 3174 1810 3248 Orithyian
1828 3217 1844 3243 ,
1871 3196 1993 3230 eum
2025 3177 2259 3233 adfinem
2289 3181 2386 3236 sibi

1378 3266 1714 3309 censuerunt.
1739 3256 2006 3324 AElianus,
2028 3255 2076 3310 d.
2099 3257 2131 3310 l.
2145 3297 2160 3326 ,
2179 3259 2266 3312 ubi
2285 3259 2388 3313 vid.
2500 3276 2509 3285 ·

1380 3332 1620 3387 Perizon.

1443 3413 1555 3466 685.
1591 3415 1841 3467 Hom'dus
1861 3419 1956 3467 tra.
1977 3414 2100 3469 Non
2121 3414 2257 3469 mala
2278 3415 2389 3470 Bo·-

1378 3509 1482 3544 reae
1503 3490 1704 3544 horridi
1727 3489 2031 3562 descriptio:
2054 3495 2159 3546 Hic
2178 3495 2322 3546 Deus
2339 3502 2394 3546 et

1378 3576 1538 3622 terras
1549 3576 1601 3621 et
1616 3575 1781 3623 maria
1794 3574 1907 3623 alta
1929 3574 2132 3638 doma,-
2149 3571 2388 3641 Propert.

1378 3646 1467 3712 11,
1494 3663 1563 3699 xx
1582 3686 1598 3714 ,
1627 3652 1722 3710 523
1751 3648 1815 3702 cs.
1847 3647 2123 3702 Claudian.
2151 3649 2305 3720 Rapt.
2326 3650 2381 3715 I,

1376 3724 1445 3797 69
1467 3743 1578 3793 sqq.
1598 3751 1666 3764 —
1686 3726 2009 3789 Domestica,
2050 3727 2144 3781 sibi
2177 3728 2386 3797 propria

1378 3813 1434 3855 et
1453 3813 1702 3857 consueta
1721 3825 1735 3868 ς
1754 3823 1888 3857 nove
1912 3806 1985 3858 sic
2007 3803 2224 3858 dictum.
2245 3805 2389 3858 Bur-

1377 3902 1603 3938 mannus
1622 3896 1771 3957 putat
1784 3926 1798 3953 ,
1814 3884 2069 3940 Ovidium
2090 3885 2171 3940 bis
2187 3885 2389 3940 duabus

1377 3963 1588 4018 vocibus
1604 4004 1619 4031 ,
1637 3969 1794 4018 solita
1808 3974 1862 4018 et
1884 3968 2158 4020 donestt'oe
2171 4005 2186 4027 ‚
2211 3966 2385 4035 expri-

1376 4061 1523 4097 mere
1535 4043 2269 4114 voluissegroeeotaeeroc‚cuius
2279 4043 2385 4095 vim

1378 4121 1672 4192 exposuerit
1690 4122 1887 4174 Victor.
1902 4120 1965 4174 ad
1984 4120 2097 4175 Cic.
2115 4122 2162 4188 1,
2180 4122 2290 4174 Att.
2312 4141 2386 4173 ιο.

1441 4200 1554 4270 687.
1578 4201 1656 4252 Et
1666 4202 1839 4254 merito
1857 4199 2074 4272 abrupte
2097 4198 2280 4269 incipit
2294 4239 2309 4265 ,
2326 4208 2386 4251 ut

1378 4277 1457 4332 lx
1473 4317 1489 4344 ,
1516 4278 1613 4345 584
1631 4317 1647 4345 ,
1673 4277 1760 4331 ubi
1784 4277 1885 4331 vid.
1909 4288 2050 4332 nota.
2078 4278 2157 4332 Ita
2180 4288 2235 4331 et
2250 4277 2386 4333 Pro-

1377 4367 1510 4428 pert.
1531 4358 1588 4425 1,
1614 4373 1732 4412 xvu
1749 4396 1766 4427 ,
1791 4357 2174 4412 1.·-Admoa·ere
2180 4376 2382 4427 preces,
