3217 5134
595 553 1631 626 METAMORPHOSEON
1678 558 1875 626 LIB.
1932 559 2112 627 VII.
2278 557 2407 651 477

290 731 324 762 »
357 700 530 772 Tum
564 696 810 771 ferrum
838 714 905 770 et
937 694 1250 797 scopulos
1288 712 1541 791 gestare
1569 694 1642 766 in
1678 693 1875 769 corde
1909 687 2188 772 fatebor.

287 846 322 875 »
364 812 504 886 Cur
533 839 676 885 non
710 828 778 884 et
805 828 1036 911 specto
1068 813 1504 911 pereuntem?
1537 809 1904 909 oculosque
1936 810 2220 886 videndo

289 961 322 990 »
365 927 810 1003 Conscelero?
838 955 958 1001 cur
990 955 1130 1002 non
1169 944 1394 1001 tauros
1426 927 1746 1001 exhortor
1777 925 1850 999 in
1884 924 2106 1015 illum,
2345 952 2411 1003 35

285 1077 321 1106 »
359 1044 883 1145 Terrigenasque
912 1044 1125 1133 seme,
1156 1042 1656 1143 insopitumque
1691 1042 2091 1118 draconem?

287 1192 321 1222 »
362 1160 450 1232 Di
486 1159 755 1235 meliora
785 1159 1031 1235 velint:
1065 1188 1443 1262 quanquam
1475 1188 1618 1234 non
1654 1160 1780 1234 ista
1810 1159 2167 1261 precanda,

284 1307 320 1337 »
360 1274 493 1348 Sed
530 1275 825 1350 facienda
862 1276 1026 1350 mihi
1059 1277 1464 1378 :prodamne
1500 1303 1626 1370 ego
1656 1303 1860 1371 regna
1895 1275 2244 1377 parentis?

284 1423 319 1453 »
356 1392 584 1492 Atque
620 1419 746 1492 ope
778 1393 1004 1467 nescio
1038 1393 1189 1495 quis
1225 1392 1595 1467 servabitur
1626 1392 1876 1466 advena
1907 1409 2166 1480 nostra,

281 1539 316 1571 »
357 1509 454 1581 Ut
481 1536 605 1608 per
634 1535 739 1582 me
770 1534 1004 1608 sospes
1026 1565 1045 1596 ‚
1083 1508 1224 1582 sine
1255 1536 1397 1594 me,
1429 1506 1545 1581 det
1579 1507 1782 1582 lintea
1805 1507 2057 1612 nentis,

2342 1528 2408 1597 4ο

280 1654 316 1686 »
354 1623 611 1723 Virque
642 1623 733 1696 sit
763 1621 1082 1697 alterius?
1117 1651 1327 1724 poenae
1361 1622 1597 1696 Medea
1624 1622 2012 1723 relinquar?

282 1769 314 1799 »
357 1737 427 1810 Si
460 1739 673 1812 facere
704 1736 833 1812 hoc
852 1795 873 1827 ,
907 1737 1174 1813 aliamve
1204 1756 1429 1839 potest
1458 1766 1842 1839 praeponere
1872 1739 2075 1813 nobis
2095 1797 2113 1824 ,

280 1885 314 1916 »
357 1855 643 1929 Occidat
675 1855 973 1950 ingratus
1004 1883 1020 1927 ε
1054 1853 1171 1928 sed
1206 1882 1343 1928 non
1375 1854 1434 1927 is
1465 1852 1691 1928 vultus
1725 1855 1796 1927 in
1829 1854 1949 1927 illo
1969 1911 1990 1941 ‚

279 2011 315 2041 »
350 1980 511 2053 Non
543 2007 616 2052 ea
650 1976 968 2051 nobilitas
1002 1977 1224 2050 animo
1256 1992 1395 2063 est,
1431 2005 1507 2049 ea
1540 1977 1751 2070 gratia
1784 1976 2010 2050 sormae
2030 2033 2049 2064 ‚

280 2133 315 2164 »
361 2104 455 2176 Ut
488 2103 750 2176 timeam
782 2100 1077 2175 fraudem
1096 2157 1115 2188 ‚
1147 2099 1496 2200 meritique
1534 2099 1783 2175 oblivia
1813 2102 2046 2175 nostri.

2338 2124 2405 2191 45

286 2257 318 2284 ι»
358 2225 452 2296 Et
483 2224 674 2298 dabit
705 2242 854 2300 ante
888 2223 1123 2313 fidem3
1155 2251 1519 2325 cogamque
1553 2225 1626 2296 in
1655 2223 1902 2298 foedera
1937 2242 2134 2299 testes

272 2441 383 2506 jam
414 2440 720 2506 Homerus,
758 2439 819 2492 11.
846 2439 894 2492 A
916 2479 932 2506 ,
967 2442 1029 2506 4,
1069 2444 1228 2500 «aaz.
1255 2427 1300 2494 e*

277 2521 441 2584 ἑλώρια
458 2529 594 2585 τεῦχε
610 2517 1099 2570 advena—Ferrum
1114 2522 1169 2569 e!
1179 2534 1299 2569 sco—

269 2599 422 2658 pulos
437 2600 493 2646 in
511 2596 660 2647 corde
673 2612 693 2661 ,·
706 2593 890 2647 confer
902 2594 981 2647 lx
997 2632 1012 2659 ,
1029 2593 1144 2647 612.
1164 2591 1297 2647 Cru-

274 2670 539 2727 delissimo
556 2685 610 2727 et
627 2671 903 2726 durissimo
921 2683 1130 2741 pectore
1146 2712 1162 2740 ,
1183 2674 1294 2741 χάλ-

274 2755 534 2827 κεοκᾶρδως
550 2790 566 2817 ‚
590 2770 773 2805 estem.
806 2750 1085 2821 Euripides
1100 2790 1115 2817 ,
1146 2749 1294 2804 Med.

281 2848 406 2903 1279
422 2871 438 2897 ,
462 2831 577 2886 ὥστ’
598 2829 670 2906 ἄρ’
697 2834 814 2893 ἦσθα
836 2835 989 2905 cit-pn
1022 2833 1045 2893 i
1082 2838 1292 2906 eithpou

276 2906 511 2983 AEsebyl.
540 2910 722 2963 Prom.
746 2914 841 2976 2⁴2
861 2949 876 2975 ,
904 2915 1185 2985 σιὴρὸγρων
1209 2911 1294 2965 :citat

274 2988 437 3062 αὖε-ρας
459 2992 751 3064 ιὶργασμὲνος
767 3009 781 3050 ;
797 2987 993 3041 Noster
1010 2987 1093 3041 111
1107 3025 1123 3052 ‚
1134 2987 1294 3040 Trist-

274 3062 353 3118 xl
372 3104 387 3132 ,
413 3067 445 3118 3
467 3086 481 3119 ε
502 3069 670 3119 Notus
685 3083 740 3118 es
762 3084 791 3117 e
811 3068 1034 3130 scopulis
1050 3103 1063 3127 ,
1081 3068 1295 3116 num‘lns

274 3145 409 3196 locle
416 3146 596 3213 sen’no
609 3185 624 3207 ‚
646 3146 722 3197 Et
736 3147 904 3195 ἄεσα
921 3145 1095 3195 ειῖιὶη
1114 3160 1294 3209 corpus

275 3220 459 3275 baben
482 3229 636 3275 tuum·
856 3223 861 3230 ’

340 3300 424 3355 35.
465 3303 656 3354 Oculos
676 3302 1008 3364 consuleret,
1042 3296 1133 3366 qui
1155 3296 1291 3350 saci-

277 3394 379 3438 uus
394 3379 608 3449 aliquod
624 3378 849 3431 libenter
861 3385 1073 3446 spectat.
1090 3373 1179 3428 Sic
1188 3393 1293 3428 sce·

276 3457 439 3510 let-om
459 3476 642 3511 manos
664 3454 801 3526 apud
834 3454 1109 3524 Virgilium
1124 3493 1139 3519 ,
1168 3451 1295 3506 AEn.

280 3533 398 3601 111,
426 3541 491 3604 42
511 3575 525 3604 ,
553 3548 606 3592 et
625 3539 968 3590 conscelerate
987 3552 1136 3585 aures
1156 3530 1296 3601 apud

280 3608 492 3669 Livium
506 3655 522 3681 ,
546 3631 616 3668 11.
631 3653 647 3679 ,
669 3615 1050 3669 8.—Eaekorlor.
1073 3611 1159 3664 Sic
1178 3613 1297 3664 kor-

276 3694 572 3752 lem'coaees,
598 3692 646 3745 Χ
665 3731 680 3758 ,
700 3692 811 3744 536.
827 3717 893 3728 -
920 3692 1237 3756 Terrigenas,
1265 3707 1295 3742 e

281 3775 422 3822 terra
446 3781 613 3824 natos.
629 3797 696 3809 —
718 3771 997 3836 Insopilun
1014 3807 1027 3828 ,
1060 3766 1296 3836 pervigi-

276 3843 387 3901 lem
412 3870 426 3904 ς
454 3848 730 3918 Euripides
746 3887 762 3915 ,
794 3846 943 3901 Med.
966 3849 1056 3913 481
1076 3886 1095 3912 ,
1120 3848 1296 3902 acon.

275 3947 345 3963 ·-
364 3928 677 3984 Draconem.
704 3925 795 3993 qui
818 3924 999 3977 multis
1020 3923 1298 3977 volumini-

275 3999 376 4054 bus
408 4006 647 4059 servabat
682 4003 906 4057 auretstn
929 4003 1108 4057 vellus.
1133 4029 1200 4043 —
1221 4004 1304 4056 Di

275 4083 488 4134 meliora
504 4123 517 4144 ‚
559 4080 900 4135 abominandi
937 4090 991 4133 et
1028 4080 1297 4134 avertendi

274 4159 521 4216 formula.
560 4162 793 4216 Brisaon.
836 4162 1017 4215 Form.
1048 4160 1075 4214 1
1093 4199 1109 4226 ,
1147 4180 1195 4230 p.
1216 4162 1296 4232 94.

277 4232 513 4292 Additur
535 4239 635 4293 hoc
658 4239 775 4294 loco
798 4243 984 4296 velint.
1011 4237 1161 4306 quod·
1175 4236 1297 4306 ple-

275 4328 505 4385 ⁸'umque
547 4318 812 4374 reticetur.
854 4316 1105 4371 Heinsius
1146 4314 1295 4368 malit

1392 2443 1580 2506 velim,-
1607 2458 1917 2511 perperam:
1942 2440 2092 2508 Regii
2115 2440 2282 2495 noetri
2304 2441 2402 2495 ha-

1392 2519 1521 2573 bent
1534 2522 1706 2572 mlinl.
1724 2517 1805 2572 Ed
1812 2521 2193 2584 .-Prodame;
2209 2538 2401 2591 nempe

1390 2618 1703 2669 responsum
1727 2609 1839 2652 erat
1858 2598 2056 2666 AEetoe,
2073 2617 2195 2653 eum
2221 2619 2408 2671 regna-

1393 2687 1572 2731 turum
1594 2717 1609 2744 ‚
1635 2676 1866 2746 quandiu
1892 2677 2054 2731 vellus
2080 2696 2301 2732 aureum
2325 2688 2410 2731 te-

1391 2765 1529 2808 neat.
1548 2752 1790 2822 Quidam
1800 2757 2100 2816 Pet-damae,
2122 2752 2261 2822 quod
2280 2774 2402 2807 sane

1389 2832 1576 2886 melius
1599 2833 1886 2901 opponitur
1910 2841 1975 2902 τῷ
1996 2833 2284 2884 servabitur.
2303 2825 2314 2834 ⁵

1456 2912 1533 2977 43.
1575 2911 1807 2962 Occidot.
1832 2908 1957 2960 Duo
1971 2948 1985 2973 ,
2005 2909 2231 2960 Decidat
2246 2929 2262 2961 .·
2282 2909 2401 2962 vide

1391 2987 1455 3041 ad
1478 2988 1558 3053 X,
1591 3005 1669 3039 ιο.
1697 2986 1848 3055 Regii
1879 2984 2075 3051 nostri,
2105 2986 2403 3039 Occidet.—

1389 3067 1505 3118 Non
1525 3068 1575 3117 ιῖι·
1595 3103 1609 3125 ,
1645 3073 1754 3115 tam
1790 3060 2014 3114 infidelis
2033 3100 2048 3127 ‚
2075 3066 2272 3126 vultos,
2304 3085 2405 3118 noo

1387 3161 1477 3202 oa,
1501 3151 1610 3194 tam
1635 3140 1885 3211 degener,
1903 3143 2168 3202 nobilitas,
2191 3160 2293 3194 non
2312 3161 2400 3202 eo,

1387 3230 1497 3271 tam
1510 3217 1660 3271 fallax
1675 3257 1690 3285 ,
1699 3219 2078 3286 granosomae.
2097 3219 2218 3273 Non
2240 3217 2293 3271 id
2309 3218 2405 3272 de—

1386 3297 1614 3350 nunciat
1625 3296 1816 3363 vultus,
1829 3295 2087 3362 nobilitas,
2099 3295 2404 3349 sonna.Mo-

1392 3386 1485 3430 net
1510 3376 1851 3429 Burmannus
1877 3376 2170 3445 elegantem
2198 3395 2305 3429 esse
2328 3377 2403 3428 il-

1391 3453 1502 3508 lum
1513 3473 1667 3508 usum
1680 3453 2007 3523 pronominis
2019 3458 2080 3506 is.
2099 3453 2210 3505 Liv.
2226 3454 2249 3507 1
2264 3493 2280 3519 ,
2306 3453 2369 3518 34
2387 3473 2399 3506 ε

1390 3535 1525 3586 Eam
1545 3536 1717 3585 alitem
1731 3572 1744 3594 ,
1773 3550 1840 3584 eo
1860 3536 2057 3598 regione
2074 3534 2211 3591 celi,
2229 3537 2283 3583 ei
2294 3530 2404 3596 ejus

1390 3612 1503 3663 Dei
1514 3616 1780 3676 nuncium5
1807 3609 1944 3661 Plin.
1975 3610 2024 3660 V
2038 3647 2054 3675 ,
2075 3609 2170 3677 Ep.
2190 3625 2248 3662 vl
2267 3648 2284 3674 ‚
2316 3611 2403 3662 13:

1391 3691 1477 3742 Ea
1508 3693 1756 3741 van'etole
1770 3728 1782 3748 ,
1817 3706 1880 3740 ea
1912 3690 2243 3754 descriptione
2270 3691 2410 3740 oculi

1390 3764 2031 3835 rqfciuntur.—Quinque,
2050 3768 2318 3817 mobilitas.
2334 3764 2404 3818 Et

1391 3848 1592 3898 mobilis
1625 3846 1893 3896 AEsonides
1930 3854 2006 3896 est
2044 3841 2265 3896 Heroid.
2291 3842 2366 3897 Vl
2386 3882 2403 3909 ,

1399 3940 1522 3993 ¹⁰9³
1549 3919 1640 3974 sed
1665 3921 1871 3990 vulgata
1893 3918 2147 3973 servanda
2184 3930 2400 3989 propter

1391 4004 1563 4052 vultus
1580 4009 1637 4051 et
1654 4003 1914 4065 mitia.-
1927 3999 2035 4051 Pro
2043 3997 2225 4065 fiam
2239 3998 2403 4051 Hein-

1391 4077 1496 4131 sius
1538 4076 1685 4129 malit
1721 4096 1907 4128 ntorum
1932 4116 1944 4137 ,
1986 4075 2107 4144 quia
2147 4074 2404 4143 precessit

1392 4158 1575 4209 vultus.
1585 4154 1696 4208 Sed
1711 4158 1877 4207 ultas
1891 4152 2119 4221 etsotma
2132 4152 2358 4206 disserun
2365 4163 2399 4207 t.

1392 4235 1663 4289 -Nostris
1681 4232 1854 4304 Regiis
1867 4273 1882 4298 ,
1894 4234 2132 4285 nobilitas
2143 4251 2171 4286 e
2179 4242 2196 4283 t
2197 4231 2399 4299 forme.

1456 4314 1536 4379 46.
1569 4315 1647 4366 E!
1656 4316 1804 4366 dabit
1812 4314 2120 4382 anlefidem5
2139 4321 2193 4366 et
2207 4351 2224 4378 ‚
2248 4321 2402 4364 aute-v
