3217 5134
760 566 856 632 36
1477 578 1483 582 ·
1646 565 2008 634 semi-:s
2055 524 2082 539 ⁴

758 725 1160 797 temnentes,
1195 707 1364 809 ipsis
1413 705 1654 808 diebus
1706 706 1896 781 festis
1944 704 2238 781 lanificio
2295 734 2566 810 operam
2612 706 2861 783 dabant
2882 760 2901 797 ‚

757 859 1062 932 opusque
1080 829 1388 905 levabant
1412 827 1678 905 fabellis
1698 828 2083 904 enarrandis
2097 885 2117 918 ,
2143 828 2223 905 de
2249 829 2524 937 Ifrramo
2539 848 2607 904 et
2629 830 2896 916 Thisbe,

762 982 1047 1056 quorum
1072 988 1077 995 ·
1098 952 1421 1050 sanguine
1478 952 1664 1026 mons
1712 952 1885 1053 niger
1935 950 2123 1027 color
2170 951 2438 1027 additus
2459 1010 2478 1040 ‚
2536 952 2618 1027 de
2650 952 2802 1028 Sole
2830 955 2903 1028 in

754 1076 1153 1184 Eurynomen
1185 1103 1379 1177 verso
1399 1131 1418 1163 ,
1455 1090 1536 1148 ut
1565 1102 1719 1149 cum
1750 1075 2129 1150 Leucothee
2165 1076 2670 1167 concumberet,
2703 1105 2901 1179 quam

758 1199 851 1273 ob
885 1227 1026 1275 rem
1063 1197 1265 1307 nytie
1290 1196 1593 1299 zelotypa
1626 1198 1700 1271 in
1735 1193 2152 1300 heliotropium
2172 1217 2464 1288 mutata,
2494 1199 2782 1302 denique
2820 1199 2901 1275 de

761 1321 1286 1424 IIennaphrodito
1315 1339 1382 1414 et
1416 1320 1768 1396 Sabnacide
1789 1321 1863 1395 in
1894 1350 2079 1396 unum
2103 1350 2323 1424 corpus
2355 1325 2701 1399 concretis.
2739 1325 2902 1422 Quo

758 1448 936 1522 facto
967 1473 1231 1520 sorores
1257 1445 1418 1548 ipsae
1452 1446 1526 1519 in
1558 1444 2041 1547 vespertiltbnes‚
2077 1474 2433 1548 earumque
2456 1445 2601 1522 telae
2621 1447 2694 1521 in
2715 1449 2905 1521 vilem

771 1569 1251 1646 transformata
1284 1584 1463 1645 sunt.
1496 1568 1643 1642 Hac
1672 1566 1752 1642 de
1778 1597 1849 1643 re
1877 1595 2085 1669 quum
2118 1568 2248 1644 Ino
2277 1568 2644 1661 laetaretur,
2678 1572 2902 1658 Juno‚

761 1711 831 1768 et
851 1693 1154 1767 invidens
1182 1709 1251 1767 et
1275 1691 1666 1787 indignans„
1703 1690 1973 1765 Furiam
1997 1691 2060 1766 ei
2082 1691 2363 1767 immisit
2382 1749 2402 1782 ‚
2436 1693 2626 1793 cujus
2650 1721 2905 1768 veneno

765 1818 840 1891 in
872 1817 1199 1892 insaniam
1230 1843 1420 1890 versa
1453 1843 1606 1888 cum
1641 1814 1971 1889 Melicerta
2011 1812 2152 1888 filio
2203 1815 2277 1888 in
2328 1844 2505 1890 mare
2546 1814 2905 1918 prosiluit3

762 1940 876 2016 sed
897 1996 917 2029 ,
939 1942 1198 2015 Venere
1221 1939 1669 2014 intercedente
1682 1993 1701 2027 ,
1727 1936 1928 2012 ambo
1946 1936 2105 2011 facti
2124 1955 2283 2011 sunt
2301 1937 2676 2013 Diimarini.
2708 1940 2905 2037 Quos

760 2063 922 2138 dum
945 2064 1185 2138 comites
1210 2061 1494 2136 Sidonia
1516 2090 1644 2164 pro
1666 2060 1953 2135 mortuis
1984 2058 2337 2162 deplorant
2352 2115 2371 2149 ,
2401 2062 2475 2134 in
2501 2089 2663 2136 saxa
2690 2080 2760 2136 et
2785 2091 2907 2136 vo-

756 2188 957 2263 lucres
971 2204 1333 2261 mutantur.
1365 2183 1643 2261 Cadmus
1661 2212 1953 2285 quoque,
1972 2183 2095 2258 hac
2113 2182 2483 2260 calamitate
2505 2202 2900 2271 commotus,

759 2312 1010 2387 relictis
1041 2308 1299 2384 Thebis
1323 2364 1343 2397 ,
1378 2309 1453 2381 in
1483 2306 1780 2409 lllyriam
1811 2336 1964 2382 cum
1997 2337 2205 2384 uxore
2239 2307 2577 2410 profectus
2612 2326 2745 2399 est,
2781 2310 2906 2384 ubi

759 2453 1042 2536 uterque
1074 2430 1720 2533 angmizeamfhnnam
1752 2431 2027 2532 accepit.
2064 2429 2272 2506 Solus
2303 2461 2465 2528 ergo
2500 2432 2794 2507 restabat
2822 2433 2905 2507 de

760 2556 1010 2634 Bacchi
1031 2553 1566 2631 contemtoribus
1592 2553 1886 2629 Acrisius
1904 2611 1927 2641 ,
1966 2582 2129 2629 avus
2151 2553 2408 2641 Persei,
2448 2555 2566 2657 qui
2601 2555 2908 2657 Gorgom’s·

768 2697 970 2785 caput
1012 2677 1420 2782 amputavit,
1477 2705 1514 2750 e
1551 2677 1741 2776 cujus
1780 2675 2132 2774 sanguine,
2188 2676 2499 2773 guttatim
2543 2677 2616 2750 in
2662 2695 2902 2753 terram

769 2803 1039 2906 delapso
1064 2859 1091 2892 2
1143 2829 1372 2904 angues
1411 2800 1629 2874 exorti
1675 2815 1882 2889 sunt3
1951 2817 2020 2874 et
2068 2799 2399 2875 Atlantem
2445 2800 2520 2873 in
2568 2818 2865 2876 montem
2882 2858 2902 2891 ‚

766 2930 1090 3032 virgasque
1111 2943 1273 3029 post
1297 2922 1795 2999 Andromedam
1815 2920 2167 2998 liberatam
2191 2921 2266 2996 in
2284 2923 2526 2998 cor-alia·
2540 2926 2900 3025 convertit,

768 3049 1264 3129 Andromedam
1295 3065 1517 3123 autem
1551 3075 1826 3122 uxorem
1852 3045 2063 3123 duxit.

857 3210 1014 3284 LIB.
1039 3208 1123 3281 V.
1180 3208 1357 3281 Orto
1394 3202 1632 3280 deinde
1664 3205 1739 3278 in
1758 3203 2018 3305 nuptiis
2047 3203 2372 3295 tumultu,
2401 3203 2704 3280 Phineum
2724 3265 2743 3293 ‚
2781 3209 2906 3308 'qui

774 3360 1090 3436 sponsam
1126 3328 1261 3404 sibi
1284 3325 1695 3414 vindicabat,
1732 3355 1885 3403 cum
1910 3327 2051 3401 suis
2069 3385 2086 3416 ‚
2125 3344 2193 3401 et
2211 3354 2370 3402 mox
2393 3327 2591 3403 etiam
2618 3328 2905 3404 Proetum

769 3476 835 3534 et
867 3455 1235 3563 Pofrdecten
1286 3479 1515 3528 saxeos
1547 3449 1791 3525 reddit.
1837 3451 2015 3524 Tum
2067 3448 2294 3525 Pallas
2309 3512 2330 3539 ,
2384 3481 2532 3554 quae
2581 3454 2904 3530 hactenus

769 3581 995 3657 Persei
1020 3606 1244 3655 comes
1269 3574 1484 3655 fuerat
1503 3629 1522 3663 ,
1560 3602 1640 3649 eo
1672 3570 1938 3663 relicto,
1973 3573 2048 3648 in
2074 3574 2467 3651 Heliconem
2503 3605 2571 3651 se
2607 3577 2904 3668 confert,

772 3723 851 3780 ut
882 3703 1310 3805 Ih'ppocrenen
1346 3699 1679 3800 inspiciat.
1717 3696 1829 3772 Ibi
1859 3715 2132 3771 narrant
2164 3698 2226 3773 ei
2253 3701 2466 3774 Musae
2501 3699 2582 3774 de
2626 3696 2909 3807 Pyrenea

770 3847 838 3906 et
866 3824 1212 3902 Pisnwhus
1242 3824 1317 3896 in
1337 3822 1512 3920 picas
1544 3821 1881 3894 conversis
1899 3875 1920 3907 ,
1957 3837 2317 3922 postquam
2352 3839 2551 3897 cantu
2585 3823 2903 3898 instituto

772 3952 934 4027 hinc
965 3948 1047 4022 de
1069 3945 1268 4021 variis
1291 3942 1575 4020 Deorum
1597 3940 2227 4042 traafinnattbm‘bus
2251 3944 2637 4020 inanimalia
2652 4002 2673 4036 ,
2710 3945 2901 4021 illine

772 4074 855 4149 de
888 4088 1068 4174 raptu
1109 4067 1503 4169 Prompiaoe
1524 4125 1545 4152 ,
1601 4064 1683 4139 de
1732 4062 1970 4139 Cereris
2019 4067 2318 4141 erratibus
2333 4126 2355 4154 ‚
2413 4066 2493 4142 de
2552 4067 2791 4176 Cyanes
2836 4069 2912 4144 in

749 4197 1014 4298 sontem,
1027 4195 1215 4296 pueri
1233 4189 1576 4292 cujusdam
1608 4189 1682 4263 in
1711 4179 2067 4275 stellionem,
2101 4188 2463 4291 Ascalaphi
2488 4191 2560 4263 in
2581 4190 2902 4279 bubonem,

767 4320 1082 4407 Sinam,
1117 4316 1590 4417 Proserpinam
1619 4313 2082 4415 quarentium,
2107 4313 2181 4387 iu
2203 4340 2341 4390 aves
2370 4343 2452 4391 ex
2479 4332 2702 4419 parte,
2725 4318 2910 4393 Are-
