3217 5134
811 501 938 562 5¹2

1368 494 1447 560 P.
1494 493 1854 563 OVIDII
1899 491 2363 561 NASONIS

808 670 847 704 n
882 633 1089 710 Tefra
1116 652 1318 730 negat
1347 635 1567 709 sedem
1587 691 1608 721 ,
1646 633 1866 709 sedem
1896 652 2095 729 negat
2130 634 2400 709 ossibus
2432 635 2610 710 unda
2629 690 2651 723 ,

2824 659 2918 727 ⁴4⁵

812 786 847 818 ι»
888 753 1058 849 Quae
1082 751 1321 852 jactata
1353 751 1466 825 diu
1507 750 1717 826 fertur
1750 750 2016 824 dut-asse
2049 767 2341 824 vetustas

812 900 849 934 >2
888 869 969 941 ln
1006 866 1320 969 scopulos
1349 899 1365 941 ε
1402 867 1695 969 scopulis
1727 895 1968 941 nomen
2005 866 2297 941 Scironis
2327 868 2621 942 inhaeret.

812 1017 849 1048 n
888 983 961 1056 Si
996 982 1227 1058 titulos
1252 1040 1272 1072 ,
1307 1011 1649 1085 annosque
1683 1001 1835 1058 tuos
1865 1012 2207 1058 numerare
2234 984 2513 1059 velimus
2534 1041 2555 1074 ,

817 1132 852 1164 υ
893 1101 1092 1175 Facta
1123 1119 1424 1201 premant
1456 1128 1666 1175 annos
1697 1130 1711 1172 :
1741 1127 1865 1200 pro
1903 1117 1964 1173 te
1988 1156 2007 1188 ,
2044 1099 2434 1189 fortissime,
2476 1119 2633 1175 vota

815 1248 850 1280 υ
887 1214 1165 1289 Publica
1190 1215 1589 1316 suscipimus
1616 1246 1632 1289 ε
1664 1215 1905 1291 Bacchi
1935 1215 2059 1289 tibi
2086 1216 2406 1290 sumimus
2431 1216 2732 1291 haustus.
2766 1250 2800 1281 κ
2827 1238 2922 1306 45ο

812 1331 1154 1404 Consonat
1185 1331 1464 1406 adsensu
1500 1330 1773 1432 populi,
1808 1332 2253 1433 precibusque
2286 1331 2624 1407 faventum

810 1446 1057 1542 Regia3
1089 1473 1209 1520 nec
1238 1464 1379 1521 tota
1415 1448 1623 1521 tristis
1657 1447 1842 1521 locus
1877 1445 2054 1520 ullus
2088 1449 2158 1519 in
2194 1447 2357 1521 urbe
2390 1464 2510 1521 est.

904 1564 1056 1635 Vll.
1093 1565 1230 1636 Nec
1264 1580 1516 1650 tamen,
1551 1568 1803 1663 (usque
1834 1564 1999 1638 adeo
2030 1562 2200 1636 nulli
2226 1565 2478 1638 sincera
2510 1562 2819 1666 voluptas
2839 1621 2859 1653 ,

810 1677 1223 1782 Sollicitique
1256 1679 1505 1782 aliquid
1540 1678 1705 1754 laetis
1741 1679 2179 1775 intervenitl)
2215 1682 2469 1777 AEgeus

813 1797 1069 1871 Gaudia
1105 1798 1437 1899 percepit,
1472 1814 1632 1871 nato
1670 1825 1898 1872 secura
1928 1816 2212 1899 recepto.

2819 1819 2923 1888 4⁵5

810 1913 994 1989 Bella
1030 1933 1220 2017 parat
1250 1915 1510 2002 Minos3
1548 1915 1662 2010 qui
1695 1944 2072 2016 quanquam
2099 1913 2304 1989 milite
2325 1971 2344 2002 ,
2384 1944 2749 2016 quanquam

814 2031 1039 2107 Classe
1075 2030 1285 2121 valet,
1321 2032 1535 2132 patria
1566 2049 1781 2106 tamen
1811 2049 1910 2106 est
1933 2029 2346 2104 firmissimus
2378 2032 2518 2105 ira:

806 2229 892 2295 tri,
907 2231 1194 2295 sparshque
1212 2229 1470 2279 laelmm's...
1491 2230 1707 2279 ossibus.
1721 2224 1821 2279 Ed.

862 2308 973 2373 448.
987 2308 1200 2366 Titulos,
1213 2303 1430 2375 gloriose
1447 2305 1824 2358 saetas—Facta

800 2391 1035 2454 premant
1047 2403 1240 2449 annom
1269 2395 1409 2454 gesta
1434 2395 1522 2437 tua
1545 2403 1712 2437 annos
1734 2404 1826 2437 su-

809 2466 1039 2533 perabun
1047 2473 1082 2516 t.
1094 2463 1312 2532 —Regii
1328 2462 1492 2516 nostri
1506 2463 1824 2531 habentpoe-

800 2546 966 2600 mem,-
984 2538 1072 2591 sed
1099 2542 1308 2592 velmns
1332 2538 1442 2592 vult
1457 2547 1707 2607 premant.
1721 2538 1821 2593 Ed.

871 2615 1151 2682 453—650.
1188 2618 1294 2667 Nec
1317 2621 1482 2667 tamen
1510 2625 1606 2668 etc.
1643 2616 1824 2669 Minos

806 2693 876 2747 ob
904 2693 1069 2747 filium
1104 2692 1449 2762 Androgeum
1484 2693 1822 2747 intersectum

808 2773 1004 2828 bellum
1028 2782 1205 2827 movet
1232 2771 1637 2826 Atheniensibus
1657 2812 1671 2839 ,
1694 2773 1824 2841 qui-

809 2853 905 2906 bus
927 2851 1171 2905 auxilium
1194 2849 1465 2921 pollicetur
1480 2850 1670 2904 AEacus
1692 2891 1706 2916 ,
1736 2870 1823 2903 rex

811 2930 1035 3000 AEginn,
1046 2931 1195 2998 cujus
1207 2930 1360 2994 cives,
1376 2948 1404 2981 a
1418 2940 1559 2999 peste
1580 2930 1821 2997 absumti,

813 3009 950 3061 miro
965 3006 1191 3075 quodam
1202 3005 1364 3059 modo
1372 3006 1591 3076 suppleti
1604 3018 1824 3061 erantex

766 3129 775 3140 .
811 3086 1055 3140 formicis.
1082 3086 1285 3155 Nempe
1311 3088 1656 3157 Mymu'dones
1675 3087 1826 3156 prisci

813 3163 1020 3232 AEginae
1069 3163 1250 3216 incole
1277 3203 1290 3229 ,
1336 3164 1425 3232 qui
1484 3176 1660 3234 postea
1708 3166 1824 3219 Pe·-

815 3242 958 3296 leum
992 3239 1196 3309 sequuti
1236 3241 1553 3295 Thessaliam
1588 3243 1825 3298 incolue-

810 3328 950 3372 runt.
976 3317 1249 3386 Quoniam
1264 3318 1494 3372 sormicoe
1509 3319 1706 3374 Graecis
1718 3326 1824 3388 μύ-

813 3420 969 3473 ρυηκες
981 3394 1229 3450 dicuntur
1243 3436 1259 3463 ‚
1288 3396 1502 3450 Hesiod.
1523 3399 1607 3464 (Τι’.
1628 3418 1677 3467 p.
1696 3402 1790 3464 445
1805 3438 1820 3464 ‚

813 3474 989 3545 Lips.)
1024 3487 1205 3529 auctor
1231 3477 1415 3547 coepit,
1451 3477 1821 3550 etymologiam

808 3573 1050 3626 perverse
1085 3574 1365 3625 premens,
1402 3556 1602 3626 fingere
1641 3576 1729 3611 eos
1761 3578 1822 3611 ex

808 3633 1037 3688 formicis
1049 3633 1207 3687 factos
1224 3673 1240 3700 ,
1256 3632 1395 3702 quod
1415 3635 1564 3689 multi
1578 3635 1822 3706 deinceps

811 3713 1149 3782 repetierunt.
1174 3712 1243 3766 Et
1266 3712 1354 3765 illo
1375 3712 1586 3782 quidem
1609 3724 1820 3768 auctore

810 3791 1022 3860 Jupiter
1046 3788 1096 3844 id
1122 3791 1293 3844 effecit
1310 3830 1326 3857 ,
1361 3810 1525 3859 quum
1549 3791 1739 3845 AEacus
1765 3793 1819 3845 in

814 3868 1025 3936 AEgina,
1048 3867 1214 3920 insula
1226 3867 1448 3932 deserta,
1466 3868 1553 3921 ubi
1574 3868 1822 3922 educatus

811 3957 925 4001 erat
940 3955 992 3999 et
1006 3944 1299 3999 adoleverat
1313 3985 1328 4007 ,
1350 3945 1488 3999 solus
1504 3956 1650 3999 esset.
1666 3947 1752 4000 Sic
1767 3957 1821 4001 et

754 4091 763 4097 ,
814 4024 1054 4094 Apollod.
1075 4025 1188 4090 111,
1215 4041 1324 4091 κη,
1348 4024 1410 4090 6,
1436 4024 1522 4077 ubi
1539 4024 1656 4078 vide
1680 4025 1822 4096 Hey-

811 4103 990 4164 nium;
1014 4101 1106 4156 sed
1133 4102 1436 4168 Pausanias,
1464 4103 1550 4169 11,
1571 4123 1658 4173 29,
1685 4103 1738 4156 in
1756 4122 1820 4156 eo

812 4177 1097 4249 discrepat,
1138 4179 1277 4250 quod
1310 4179 1548 4234 homines
1574 4179 1685 4233 illos
1710 4199 1820 4232 non

814 4275 877 4309 ex
893 4256 1119 4311 formicis
1133 4295 1148 4324 ,
1164 4257 1256 4312 sed
1270 4277 1331 4312 ex
1348 4270 1484 4312 terra
1502 4269 1652 4313 natos
1665 4277 1818 4311 men-

1913 2226 2057 2280 titur.
2089 2226 2304 2280 Pestem
2336 2242 2464 2277 vero
2496 2236 2551 2277 et
2591 2226 2920 2279 sot-micarum

1915 2304 2262 2373 mutationem
2277 2342 2294 2370 ,
2315 2322 2436 2355 cum
2455 2302 2657 2357 Nostro
2674 2305 2727 2357 in
2743 2303 2834 2356 liae
2850 2305 2922 2355 sa·

1914 2382 2034 2435 bula
2048 2421 2064 2449 ,
2079 2382 2270 2436 Strabo
2287 2420 2302 2449 ,
2318 2381 2458 2436 Vm
2474 2420 2490 2448 ,
2516 2401 2566 2451 p.
2585 2382 2716 2452 576,
2736 2393 2784 2434 et
2800 2382 2922 2454 Hy-

1916 2464 2068 2533 ginus
2085 2503 2097 2524 ,
2125 2460 2295 2514 sabula
2312 2465 2373 2514 52
2388 2501 2404 2528 ,
2425 2471 2920 2515 commemorant.—

1915 2543 2065 2594 Nulle’
2080 2546 2277 2594 εἰει-ειη
2304 2544 2554 2608 voluptas.
2593 2541 2918 2593 Burmannus

1915 2617 2092 2671 mallet
2105 2621 2246 2670 nulla
2258 2623 2557 2676 estsine-em,
2583 2616 2730 2685 quod
2748 2635 2918 2669 omnes

1917 2706 2134 2750 tuentur
2157 2706 2346 2765 praeter
2374 2695 2529 2761 duos,
2565 2694 2709 2747 unde
2743 2695 2919 2749 Hein-

1916 2774 2020 2826 sius
2057 2777 2192 2826 nulli
2220 2773 2429 2843 recepit.
2461 2799 2524 2812 —·
2551 2771 2726 2824 Ambo
2759 2770 2919 2823 nostri

1919 2852 2070 2923 Regii
2094 2850 2220 2905 dant
2239 2852 2495 2905 Attamen.
2511 2889 2524 2902 .
2542 2888 2553 2900 .
2568 2853 2709 2902 nulla
2722 2856 2803 2902 est
2814 2853 2920 2901 sia-

1915 2949 2045 2983 cera.
2067 2958 2134 2970 —
2150 2930 2402 2982 Siacenm
2418 2968 2431 2988 ,
2474 2928 2557 2982 cui
2585 2926 2716 2980 nihil
2740 2926 2912 2988 alieni,

1914 3009 2082 3063 vitiosi
2100 3047 2115 3075 ,
2138 3008 2188 3062 h.
2206 3009 2237 3062 l.
2252 3008 2447 3062 doloris
2459 3046 2475 3072 ,
2497 3009 2793 3061 immixtum
2807 3047 2820 3071 ,
2838 3007 2910 3058 in-

1916 3098 2238 3158 corruptum.
2274 3087 2358 3141 Ab
2385 3086 2486 3141 hoc
2510 3105 2657 3140 nunc
2679 3105 2792 3140 non
2815 3083 2910 3136 dis·

1916 3167 2018 3219 sert
2040 3185 2279 3219 securum.

1983 3247 2095 3315 457,
2140 3247 2318 3298 Classe
2339 3246 2490 3297 ualet.
2522 3240 2909 3312 Cretensesjllo

1917 3333 2153 3394 tempore
2202 3333 2312 3376 arte
2359 3322 2567 3376 nautica
2613 3321 2910 3376 excellebant

1917 3402 2161 3455 omnibus
2204 3400 2442 3470 gentibus
2475 3421 2489 3453 z
2517 3402 2698 3453 Εἴπω·
2732 3400 2908 3469 primus

1917 3480 2196 3550 imperium
2231 3480 2387 3534 maris
2421 3480 2633 3545 habuit3
2670 3480 2908 3547 classeque

1916 3559 2166 3612 instructa
2201 3558 2438 3628 purgavit
2471 3577 2620 3612 mare
2655 3577 2686 3610 a
2720 3557 2910 3628 piratis:

1918 3636 2283 3708 Thucydides,
2308 3636 2388 3703 X,
2415 3652 2465 3702 1,
2497 3639 2558 3702 4ς
2590 3634 2909 3696 Herodotus,

1919 3713 2029 3778 111,
2057 3734 2177 3775 1223
2197 3712 2460 3766 Diodorus
2477 3714 2712 3776 Siculus,
2733 3711 2827 3776 lv,
2841 3711 2913 3763 fio.

1918 3791 1999 3843 De
2024 3790 2157 3843 bello
2183 3791 2280 3845 hoc
2303 3792 2462 3844 etiam
2489 3791 2751 3845 Plutarch.
2767 3790 2912 3843 Thes

1924 3873 2011 3931 15;
2038 3869 2335 3934 Pausanias,
2357 3868 2413 3936 1,
2433 3889 2525 3938 ης
2545 3868 2913 3939 Apollodorus,

1917 3947 2031 4012 111,
2059 3963 2128 3998 xv
2148 3986 2162 4013 ,
2189 3948 2250 4010 ὃς
2278 3947 2553 4019 Hyginus,
2587 3948 2758 4001 sabula
2779 3951 2913 4014 41.-

1914 4028 2333 4088 —Firmeltsemx
2353 4025 2583 4094 plurimi,
2591 4026 2911 4094 fortissimas.

1915 4121 1944 4154 e
1969 4103 2189 4156 solemni
2218 4103 2619 4172 permutatione.
2659 4107 2913 4157 flmm-

1915 4199 2043 4241 πη,
2059 4181 2413 4246 validissimus,
2430 4180 2715 4251 sepissime
2729 4181 2794 4235 de
2807 4179 2914 4233 belli

1914 4259 2304 4328 potentia.vide
2319 4259 2554 4315 Gronov.
2563 4260 2628 4315 ad
2647 4262 2758 4315 Liv.
2773 4260 2912 4324 xm,
