3217 5134
836 559 956 628 ιφ
1371 534 1449 599 P.
1516 533 1879 602 ovum
1943 489 2401 606 NAs'oms

827 707 863 741 »
898 670 1349 747 Admonuisse
1379 689 1638 773 potest,
1678 701 1763 747 ne
1794 700 1955 748 voce
1983 672 2276 775 pericula
2315 692 2629 775 quaerant.

830 822 867 857 n
907 791 999 864 At
1028 804 1236 890 puto,
1272 816 1414 861 non
1448 787 1663 879 ultro,
1695 817 1818 864 nec
1856 790 2218 891 quidquam
2254 787 2381 862 tale
2416 807 2767 886 rogantem

826 939 863 972 ³>
904 905 1022 979 Me
1055 903 1250 1006 petiit
1280 933 1296 977 :
1325 904 1472 1006 ipsa
1501 903 1659 980 licet
1681 904 1815 980 hoc
1850 934 1930 980 ex
1961 904 2229 981 Pallade
2262 934 2518 1005 quaeras
2547 936 2566 981 z

829 1054 864 1087 »
905 1020 1228 1118 Quamvis
1261 1020 1427 1095 irata
1462 1038 1602 1109 est,
1638 1050 1777 1095 non
1814 1022 1944 1095 hoc
1977 1022 2142 1097 irata
2172 1022 2466 1117 negabit.

824 1178 862 1211 »
899 1146 1071 1220 Nam
1102 1174 1206 1221 me
1231 1145 1558 1221 Phocaica
1593 1143 1809 1220 clarus
1851 1145 2084 1221 tellure
2120 1147 2472 1222 Coroneus
2493 1201 2513 1235 ‚

829 1303 863 1335 >v
902 1270 1081 1344 Nota
1112 1268 1390 1370 loquor,
1425 1269 1696 1365 genuit3
1729 1269 2113 1371 fueramque
2143 1299 2269 1367 ego
2304 1270 2483 1366 regia
2513 1270 2742 1365 virgo;

829 1426 865 1459 »
905 1391 1382 1493 Divitibusque
1415 1393 1679 1494 procis»,
1713 1421 1799 1468 ne
1832 1422 1936 1469 me
1970 1411 2350 1481 contemne,
2382 1393 2679 1495 petebat.

830 1550 864 1581 »
901 1517 1141 1589 Forma
1172 1514 1340 1590 mihi
1370 1516 1651 1591 nocuit:
1682 1544 1834 1590 nam
1870 1545 2075 1617 quum
2110 1545 2234 1618 per
2263 1514 2465 1590 litora
2498 1515 2697 1590 lentis

829 1670 865 1704 »
901 1637 1228 1713 Passibus
1247 1695 1267 1727 ‚
1301 1656 1380 1712 ut
1414 1637 1599 1713 soleo
1622 1695 1641 1728 ‚
1680 1667 1935 1714 summa
1969 1638 2290 1741 spatiarer
2320 1667 2519 1713 arena
2538 1693 2558 1727 ‚

830 1794 867 1826 >2
904 1759 1135 1849 Vidit,
1177 1778 1246 1835 et
1274 1760 1551 1835 incaluit
1588 1760 1808 1863 pelagi
1840 1763 2024 1836 Deus
2056 1790 2072 1833 ε
2102 1778 2310 1862 utque
2344 1760 2679 1863 precando

830 1918 866 1951 >²
899 1887 1234 1986 Tempora
1266 1914 1415 1959 cum
1442 1883 1714 1959 blandis
1750 1886 2119 1959 consumsit
2147 1883 2368 1959 inania
2401 1884 2661 1973 verbis;

827 2042 865 2075 2>
902 2009 1061 2083 Vim
1093 2025 1324 2111 parat,
1364 2026 1433 2083 et
1461 2009 1766 2111 sequitur
1792 2040 1808 2083 :
1839 2008 2059 2106 fugio,
2094 2008 2502 2109 densumque
2537 2006 2845 2111 relinquo

830 2164 865 2197 »
904 2132 1129 2220 Litus,
1165 2149 1232 2205 et
1263 2132 1337 2204 in
1360 2129 1550 2205 molli
1579 2133 2022 2235 nequicquam
2051 2131 2264 2209 lassor
2297 2160 2508 2206 arena.

829 2287 865 2318 »
903 2253 1067 2327 Inde
1099 2254 1284 2328 Deos
1304 2309 1325 2343 ‚
1360 2253 1801 2355 hominesque
1833 2284 2036 2345 voco;
2064 2282 2188 2330 nec
2224 2254 2505 2349 contigit
2533 2251 2751 2328 ullum

830 2410 867 2442 >›
906 2379 1059 2451 Vox
1092 2405 1237 2453 mea
1269 2375 1616 2452 mortalem
1651 2410 1668 2451 ε
1703 2397 1885 2454 mota
1919 2398 2020 2455 est
2049 2409 2176 2482 pro
2202 2380 2459 2477 virgine
2485 2380 2713 2475 virgo,

2859 701 2949 753 565

2857 1292 2941 1363 570

2849 1904 2935 1975 575

822 2578 941 2635 test,
960 2588 1031 2622 ne
1044 2587 1180 2629 voce.
1203 2568 1419 2640 ingratis
1441 2570 1643 2624 numiis
1664 2572 1841 2642 perse-

822 2646 1018 2714 tendis,
1037 2647 1444 2717 criminibusque
1459 2658 1660 2705 temere
1678 2650 1839 2705 dete-

824 2726 1025 2797 gendis,
1044 2726 1209 2780 sibiet
1232 2726 1339 2780 aliis
1361 2726 1622 2781 molestias
1642 2740 1839 2783 creent.

889 2803 1003 2857 556.
1027 2803 1108 2856 A!
1116 2810 1243 2871 pulo
1258 2844 1273 2867 ,
1301 2823 1401 2857 non
1421 2807 1565 2857 ultro.
1600 2804 1684 2859 Ne
1708 2824 1838 2858 cor-

819 2901 916 2935 vus
938 2891 1178 2952 putaret,
1205 2881 1472 2935 cornicem
1493 2881 1614 2936 ideo
1635 2881 1836 2951 pulsam

822 2981 931 3015 esse
955 2961 1118 3017 tutela
1142 2961 1401 3014 Minerva
1417 3000 1433 3027 ,
1467 2960 1609 3030 quod
1633 2961 1838 3032 ingrata

820 3043 870 3096 ei
893 3042 1052 3096 suerit
1071 3041 1184 3096 hec
1207 3042 1314 3095 avis
1328 3082 1344 3109 ‚
1365 3052 1550 3096 monet
1564 3082 1578 3108 ‚
1603 3062 1659 3097 se
1677 3061 1706 3095 a
1721 3042 1837 3097 Dea

819 3121 932 3190 ipsa
965 3120 1107 3174 ultro
1142 3119 1361 3173 electam
1399 3139 1506 3175 esse
1547 3122 1798 3175 comitem
1818 3142 1834 3186 ς

820 3210 977 3269 atque
999 3199 1072 3251 ita
1091 3198 1231 3251 viam
1252 3199 1346 3252 sibi
1371 3199 1555 3269 pandit
1576 3199 1640 3253 ad
1663 3210 1838 3253 trans-

818 3279 1193 3333 formationem
1214 3297 1364 3333 suam
1387 3279 1724 3332 narrandam.
1756 3279 1840 3332 At

809 3365 936 3428 puto
970 3367 1113 3411 amat
1138 3357 1332 3412 Noster
1361 3356 1418 3409 in
1455 3356 1836 3424 objectionibus

819 3455 945 3507 quas
975 3454 1250 3490 removere
1287 3432 1399 3487 vult
1426 3451 1440 3487 ι
1471 3433 1588 3486 vide
1613 3433 1835 3487 Metam.

816 3515 903 3571 lib.
930 3514 1015 3568 111
1039 3554 1055 3581 ,
1081 3514 1205 3578 2563
1233 3523 1288 3568 et
1308 3512 1420 3580 XI,
1452 3514 1567 3579 425.

885 3595 995 3666 567.
1008 3596 1132 3662 Ipsa
1141 3597 1265 3649 licet
1273 3595 1370 3646 hoc
1381 3611 1448 3644 ez·
1461 3593 1679 3645 Pallade
1691 3610 1834 3659 que-

813 3692 914 3727 ras.
952 3670 1136 3727 Codex
1174 3682 1358 3727 noster
1404 3671 1600 3742 Regius
1635 3671 1686 3725 B
1735 3691 1831 3741 pro

811 3771 878 3805 et
897 3749 1055 3803 habet
1072 3770 1123 3803 a.
1156 3749 1342 3805 Codex
1365 3750 1414 3803 A
1449 3769 1661 3803 versum
1689 3750 1832 3805 hunc

814 3829 983 3883 multo
1003 3827 1402 3882 concinniorem
1426 3838 1482 3881 et
1502 3827 1793 3881 suaviorem
1810 3868 1828 3896 ,

814 3905 955 3960 salvo
970 3904 1218 3959 carminis
1240 3915 1415 3957 metro
1427 3944 1442 3967 ,
1460 3902 1666 3957 exhibet
1681 3920 1695 3954 ι
1711 3908 1836 3957 licet

811 3986 907 4035 hoc
932 4001 1001 4035 es
1032 3986 1149 4050 ipsa
1171 3984 1392 4036 Pallade
1409 3999 1618 4049 queres.
1649 3978 1748 4033 Ed.

877 4059 991 4131 559.
1022 4062 1159 4113 Nan
1192 4078 1274 4112 ne
1313 4061 1589 4113 Phocaica.
1640 4056 1830 4112 Phocis

810 4134 955 4203 regio
965 4133 1202 4205 Gracia,
1214 4136 1439 4191 finitima
1453 4136 1643 4190 Atticae
1654 4175 1669 4202 ‚
1683 4134 1827 4189 unde

809 4214 1097 4267 Phocaea-us
1131 4213 1427 4268 deducitur.
1457 4242 1525 4257 --
1553 4217 1827 4268 Comms.

809 4284 946 4342 cod.
970 4288 1101 4359 neg.
1125 4288 1201 4358 B,
1224 4292 1528 4347 Phoroneus.
1554 4289 1657 4344 Ed.
1678 4289 1824 4344 —ln

1935 2574 2274 2643 sequentibus
2311 2573 2538 2627 multum
2573 2575 2692 2634 ἦθος.
2721 2598 2793 2612 -
2815 2574 2947 2625 Nola

1934 2655 2112 2721 loquor
2149 2651 2328 2717 addit,
2381 2650 2504 2720 quia
2539 2650 2738 2704 natales
2781 2650 2945 2719 jactat.

1936 2730 2140 2784 Festive
2159 2770 2175 2796 ,
2201 2750 2265 2783 ne
2285 2749 2363 2783 ne
2383 2735 2656 2783 conleme.

2000 2810 2112 2879 572.
2138 2809 2271 2860 Nan
2290 2827 2434 2876 quum
2448 2826 2544 2874 per
2559 2810 2729 2858 mora.
2765 2805 2946 2859 Heius.

1935 2884 2242 2939 auctoritate
2262 2882 2492 2938 Medicei
2505 2894 2559 2937 et
2573 2882 2807 2936 duorum
2825 2884 2949 2936 Μο-

1930 2961 2032 3016 reti
2053 3002 2068 3025 ,
2102 2963 2254 3028 dmm·
2286 2961 2439 3015 male.
2483 2985 2553 3000 —-
2579 2961 2787 3014 Suam
2815 2979 2948 3027 spa-

1932 3044 2088 3093 leiwer
2105 3059 2278 3093 amna.
2304 3038 2491 3108 Virgil-
2513 3038 2713 3109 Georg.
2738 3040 2794 3105 Ι,
2829 3039 2953 3111 389:

1937 3117 2139 3172 Cornix
2159 3121 2276 3172 sola
2300 3123 2358 3170 e'n
2376 3123 2520 3171 se'cca
2543 3136 2712 3171 secum
2739 3121 2947 3185 spaltic-

1931 3205 2015 3250 lur
2033 3219 2202 3252 arena.
2229 3198 2537 3269 spatiantur
2555 3208 2734 3252 autem
2759 3196 2948 3251 corni-

1932 3294 2018 3329 ces
2043 3280 2196 3329 lenm·
2208 3280 2477 3344 passibus,
2504 3276 2753 3346 idemque
2777 3277 2950 3330 inees-

1930 3373 2016 3407 sus
2039 3354 2199 3407 etiam
2221 3354 2481 3424 virginem
2501 3355 2702 3425 regiam
2724 3353 2895 3409 decet.

1997 3433 2109 3500 575.
2160 3434 2457 3487 Consumsil.
2510 3432 2735 3487 Codices
2779 3431 2949 3486 nostri

1930 3508 2102 3579 Regii,
2121 3512 2413 3578 absumpsit.
2428 3538 2497 3551 -··
2511 3512 2707 3572 Mollis,
2727 3510 2947 3580 pedibus

1927 3588 2157 3656 cedens,
2195 3608 2302 3657 quo
2334 3589 2480 3643 facile
2517 3587 2778 3643 lassantur
2811 3608 2946 3642 cur—

1928 3678 2120 3721 rentes.
2145 3666 2285 3736 Opp.
2308 3669 2513 3720 densum
2529 3707 2543 3729 ‚
2572 3666 2834 3727 solidum;
2859 3665 2946 3718 ad·

1927 3746 2167 3817 spergine
2193 3745 2338 3799 enim
2363 3745 2521 3798 maris
2546 3744 2668 3799 litus
2699 3744 2947 3798 durescit.

1925 3850 1993 3866 —-
2017 3826 2132 3877 Noa
2165 3828 2406 3891 contigit,
2431 3838 2554 3876 'non
2581 3822 2822 3876 exaudita
2849 3830 2946 3876 est.

1927 3902 2029 3970 IV,
2061 3904 2187 3969 104:
2213 3904 2395 3955 Vola...
2414 3906 2617 3969 lettgere
2629 3902 2771 3954 Deos
2786 3940 2803 3964 ,
2825 3904 2947 3952 leli-

1921 4000 2037 4048 {em
2049 3987 2299 4048 penales.

1991 4062 2104 4132 579.
2126 4062 2232 4113 Pro
2253 4061 2443 4125 virgine
2457 4061 2612 4124 tub-50.
2636 4054 2802 4108 Pallas
2817 4072 2942 4123 per-

1924 4148 2081 4207 petua
2114 4135 2346 4208 gaudens
2381 4134 2697 4206 virginitate.
2739 4135 2835 4186 Ed.
2871 4157 2942 4170 --

1927 4212 2113 4270 Claud.
2145 4230 2325 4279 xxxV,
2366 4231 2460 4281 ²⁰7
2491 4215 2762 4265 :simulat
2789 4226 2940 4263 com-

1922 4294 2086 4343 mete
2106 4294 2162 4344 ia
2177 4308 2322 4344 arma
2353 4291 2646 4357 Virginitas.
