<?xml version="1.0" encoding="UTF-8"?>
<!DOCTYPE html PUBLIC "-//W3C//DTD XHTML 1.0 Transitional//EN"
    "http://www.w3.org/TR/xhtml1/DTD/xhtml1-transitional.dtd">
<html xmlns="http://www.w3.org/1999/xhtml" xml:lang="en" lang="en">
 <head>
  <title>
</title>
<meta http-equiv="Content-Type" content="text/html;charset=utf-8" />
  <meta name='ocr-system' content='tesseract 3.04.00' />
  <meta name='ocr-capabilities' content='ocr_page ocr_carea ocr_par ocr_line ocrx_word'/>
</head>
<body>
  <div class='ocr_page' id='page_1' title='image "./publiusovidiusn01giergoog/publiusovidiusn01giergoog_0367.png"; bbox 0 0 3217 5134; ppageno 0'>
   <div class='ocr_carea' id='block_1_1' title="bbox 636 482 2162 599">
    <p class='ocr_par' dir='ltr' id='par_1_1' title="bbox 636 482 2162 599">
     <span class='ocr_line' id='line_1_1' title="bbox 636 482 2162 599; baseline 0.004 -8"><span class='ocrx_word' id='word_1_1' title='bbox 636 482 1707 594; x_wconf 72' lang='lat' dir='ltr'>METAMORPHOSEON</span> <span class='ocrx_word' id='word_1_2' title='bbox 1773 529 1966 597; x_wconf 84' lang='lat' dir='ltr'><strong>LIB.</strong></span> <span class='ocrx_word' id='word_1_3' title='bbox 2022 533 2162 599; x_wconf 82' lang='lat' dir='ltr'><strong>lv.</strong></span> 
     </span>
    </p>
   </div>
   <div class='ocr_carea' id='block_1_2' title="bbox 2325 532 2455 624">
    <p class='ocr_par' dir='ltr' id='par_1_2' title="bbox 2325 532 2455 624">
     <span class='ocr_line' id='line_1_2' title="bbox 2325 532 2455 624; baseline 0.008 -28"><span class='ocrx_word' id='word_1_4' title='bbox 2325 532 2455 624; x_wconf 82' lang='lat'><strong>327</strong></span> 
     </span>
    </p>
   </div>
   <div class='ocr_carea' id='block_1_3' title="bbox 315 663 2348 884">
    <p class='ocr_par' dir='ltr' id='par_1_3' title="bbox 315 663 2348 884">
     <span class='ocr_line' id='line_1_3' title="bbox 315 663 2064 760; baseline 0.003 -24"><span class='ocrx_word' id='word_1_5' title='bbox 315 663 683 760; x_wconf 83' lang='lat' dir='ltr'><strong>Jugeribus</strong></span> <span class='ocrx_word' id='word_1_6' title='bbox 718 663 1050 740; x_wconf 87' lang='lat' dir='ltr'><strong>distentus</strong></span> <span class='ocrx_word' id='word_1_7' title='bbox 1088 682 1228 739; x_wconf 90' lang='lat' dir='ltr'><strong>erat</strong></span> <span class='ocrx_word' id='word_1_8' title='bbox 1257 695 1274 739; x_wconf 91' lang='lat'>:</span> <span class='ocrx_word' id='word_1_9' title='bbox 1309 665 1468 755; x_wconf 87' lang='lat' dir='ltr'><strong>tibi,</strong></span> <span class='ocrx_word' id='word_1_10' title='bbox 1502 665 1783 741; x_wconf 84' lang='lat' dir='ltr'><strong>Tantale</strong></span> <span class='ocrx_word' id='word_1_11' title='bbox 1804 723 1822 756; x_wconf 89' lang='lat'><strong>,</strong></span> <span class='ocrx_word' id='word_1_12' title='bbox 1864 667 2064 743; x_wconf 82' lang='lat' dir='ltr'><strong>nullae</strong></span> 
     </span>
     <span class='ocr_line' id='line_1_4' title="bbox 316 781 2348 884; baseline 0.004 -30"><span class='ocrx_word' id='word_1_13' title='bbox 316 781 847 883; x_wconf 86' lang='lat' dir='ltr'><strong>Deprenduntur</strong></span> <span class='ocrx_word' id='word_1_14' title='bbox 880 810 1101 883; x_wconf 78' lang='lat' dir='ltr'><strong>aquae3</strong></span> <span class='ocrx_word' id='word_1_15' title='bbox 1140 811 1418 884; x_wconf 83' lang='lat' dir='ltr'><strong>quaeque</strong></span> <span class='ocrx_word' id='word_1_16' title='bbox 1454 783 1796 873; x_wconf 82' lang='lat' dir='ltr'><strong>imminet,</strong></span> <span class='ocrx_word' id='word_1_17' title='bbox 1832 784 2072 882; x_wconf 80' lang='lat' dir='ltr'><strong>effugit</strong></span> <span class='ocrx_word' id='word_1_18' title='bbox 2103 787 2348 862; x_wconf 88' lang='lat' dir='ltr'><strong>arbor:</strong></span> 
     </span>
    </p>
   </div>
   <div class='ocr_carea' id='block_1_4' title="bbox 317 898 2165 1003">
    <p class='ocr_par' dir='ltr' id='par_1_4' title="bbox 317 898 2165 1003">
     <span class='ocr_line' id='line_1_5' title="bbox 317 898 2165 1003; baseline 0.004 -32"><span class='ocrx_word' id='word_1_19' title='bbox 317 899 465 972; x_wconf 85' lang='lat' dir='ltr'><strong>Aut</strong></span> <span class='ocrx_word' id='word_1_20' title='bbox 495 898 669 999; x_wconf 89' lang='lat' dir='ltr'><strong>petis</strong></span> <span class='ocrx_word' id='word_1_21' title='bbox 690 954 710 985; x_wconf 93' lang='lat'><strong>,</strong></span> <span class='ocrx_word' id='word_1_22' title='bbox 748 915 865 973; x_wconf 85' lang='lat' dir='ltr'><strong>aut</strong></span> <span class='ocrx_word' id='word_1_23' title='bbox 893 928 1090 994; x_wconf 84' lang='lat' dir='ltr'>urges</span> <span class='ocrx_word' id='word_1_24' title='bbox 1124 899 1496 988; x_wconf 82' lang='lat' dir='ltr'><strong>ruiturum,</strong></span> <span class='ocrx_word' id='word_1_25' title='bbox 1532 900 1818 1003; x_wconf 80' lang='lat' dir='ltr'>Sisyphe</span> <span class='ocrx_word' id='word_1_26' title='bbox 1838 957 1858 991; x_wconf 95' lang='lat'><strong>,</strong></span> <span class='ocrx_word' id='word_1_27' title='bbox 1894 930 2123 978; x_wconf 80' lang='lat' dir='ltr'><strong>saxum</strong></span> <span class='ocrx_word' id='word_1_28' title='bbox 2150 933 2165 977; x_wconf 90' lang='lat'><strong>:</strong></span> 
     </span>
    </p>
   </div>
   <div class='ocr_carea' id='block_1_5' title="bbox 318 1012 1963 1121">
    <p class='ocr_par' dir='ltr' id='par_1_5' title="bbox 318 1012 1963 1121">
     <span class='ocr_line' id='line_1_6' title="bbox 318 1012 1963 1121; baseline 0.007 -38"><span class='ocrx_word' id='word_1_29' title='bbox 318 1012 635 1088; x_wconf 80' lang='lat' dir='ltr'><strong>Volvitur</strong></span> <span class='ocrx_word' id='word_1_30' title='bbox 666 1015 861 1089; x_wconf 85' lang='lat' dir='ltr'>Ixion</span> <span class='ocrx_word' id='word_1_31' title='bbox 880 1072 900 1105; x_wconf 93' lang='lat'><strong>,</strong></span> <span class='ocrx_word' id='word_1_32' title='bbox 937 1034 1006 1090; x_wconf 90' lang='lat' dir='ltr'><strong>et</strong></span> <span class='ocrx_word' id='word_1_33' title='bbox 1031 1045 1101 1091; x_wconf 86' lang='lat' dir='ltr'><strong>se</strong></span> <span class='ocrx_word' id='word_1_34' title='bbox 1134 1018 1572 1120; x_wconf 83' lang='lat' dir='ltr'><strong>sequiturque</strong></span> <span class='ocrx_word' id='word_1_35' title='bbox 1605 1018 1914 1121; x_wconf 82' lang='lat' dir='ltr'><strong>fugitque</strong></span> <span class='ocrx_word' id='word_1_36' title='bbox 1946 1049 1963 1094; x_wconf 71' lang='grc' dir='ltr'><strong><em>ι</em></strong></span> 
     </span>
    </p>
   </div>
   <div class='ocr_carea' id='block_1_6' title="bbox 2358 1043 2458 1110">
    <p class='ocr_par' dir='ltr' id='par_1_6' title="bbox 2358 1043 2458 1110">
     <span class='ocr_line' id='line_1_7' title="bbox 2358 1043 2458 1110; baseline 0 -15"><span class='ocrx_word' id='word_1_37' title='bbox 2358 1043 2458 1110; x_wconf 76' lang='lat'><strong>460</strong></span> 
     </span>
    </p>
   </div>
   <div class='ocr_carea' id='block_1_7' title="bbox 319 1130 2131 1352">
    <p class='ocr_par' dir='ltr' id='par_1_7' title="bbox 319 1130 2131 1352">
     <span class='ocr_line' id='line_1_8' title="bbox 320 1130 1806 1234; baseline 0.004 -30"><span class='ocrx_word' id='word_1_38' title='bbox 320 1130 690 1232; x_wconf 62' lang='lat' dir='ltr'><strong>Molis-ique</strong></span> <span class='ocrx_word' id='word_1_39' title='bbox 723 1131 863 1207; x_wconf 86' lang='lat' dir='ltr'><strong>suis</strong></span> <span class='ocrx_word' id='word_1_40' title='bbox 897 1130 1105 1207; x_wconf 88' lang='lat' dir='ltr'><strong>letum</strong></span> <span class='ocrx_word' id='word_1_41' title='bbox 1134 1131 1553 1234; x_wconf 82' lang='lat' dir='ltr'><strong>patruelibus</strong></span> <span class='ocrx_word' id='word_1_42' title='bbox 1586 1163 1761 1211; x_wconf 81' lang='lat' dir='ltr'><strong>ausae</strong></span> <span class='ocrx_word' id='word_1_43' title='bbox 1786 1191 1806 1225; x_wconf 93' lang='lat'><strong>,</strong></span> 
     </span>
     <span class='ocr_line' id='line_1_9' title="bbox 319 1246 2131 1352; baseline 0.001 -30"><span class='ocrx_word' id='word_1_44' title='bbox 319 1246 623 1322; x_wconf 87' lang='lat' dir='ltr'><strong>Adsidue</strong></span> <span class='ocrx_word' id='word_1_45' title='bbox 656 1266 1009 1350; x_wconf 87' lang='lat' dir='ltr'><strong>repetunt,</strong></span> <span class='ocrx_word' id='word_1_46' title='bbox 1045 1278 1209 1350; x_wconf 90' lang='lat' dir='ltr'><strong>quas</strong></span> <span class='ocrx_word' id='word_1_47' title='bbox 1243 1249 1564 1352; x_wconf 84' lang='lat' dir='ltr'><strong>perdant,</strong></span> <span class='ocrx_word' id='word_1_48' title='bbox 1598 1249 1864 1327; x_wconf 85' lang='lat' dir='ltr'><strong>Belides</strong></span> <span class='ocrx_word' id='word_1_49' title='bbox 1898 1251 2131 1327; x_wconf 86' lang='lat' dir='ltr'><strong>undas.</strong></span> 
     </span>
    </p>
   </div>
   <div class='ocr_carea' id='block_1_8' title="bbox 319 1371 2457 1847">
    <p class='ocr_par' dir='ltr' id='par_1_8' title="bbox 321 1371 1919 1476">
     <span class='ocr_line' id='line_1_10' title="bbox 321 1371 1919 1476; baseline 0.004 -33"><span class='ocrx_word' id='word_1_50' title='bbox 321 1371 521 1468; x_wconf 81' lang='lat' dir='ltr'><strong>Quos</strong></span> <span class='ocrx_word' id='word_1_51' title='bbox 561 1399 791 1446; x_wconf 87' lang='lat' dir='ltr'><strong>omnes</strong></span> <span class='ocrx_word' id='word_1_52' title='bbox 825 1373 960 1447; x_wconf 88' lang='lat' dir='ltr'><strong>acie</strong></span> <span class='ocrx_word' id='word_1_53' title='bbox 999 1391 1360 1476; x_wconf 84' lang='lat' dir='ltr'><strong>postquam</strong></span> <span class='ocrx_word' id='word_1_54' title='bbox 1394 1374 1704 1449; x_wconf 88' lang='lat' dir='ltr'><strong>Saturnia</strong></span> <span class='ocrx_word' id='word_1_55' title='bbox 1733 1392 1919 1450; x_wconf 86' lang='lat' dir='ltr'><strong>torva</strong></span> 
     </span>
    </p>

    <p class='ocr_par' dir='ltr' id='par_1_9' title="bbox 319 1493 1946 1587">
     <span class='ocr_line' id='line_1_11' title="bbox 319 1493 1946 1587; baseline 0.004 -22"><span class='ocrx_word' id='word_1_56' title='bbox 319 1493 541 1587; x_wconf 83' lang='lat' dir='ltr'><strong>Vidit,</strong></span> <span class='ocrx_word' id='word_1_57' title='bbox 577 1512 644 1568; x_wconf 88' lang='lat' dir='ltr'><strong>et</strong></span> <span class='ocrx_word' id='word_1_58' title='bbox 677 1513 827 1570; x_wconf 87' lang='lat' dir='ltr'><strong>ante</strong></span> <span class='ocrx_word' id='word_1_59' title='bbox 855 1524 1096 1570; x_wconf 86' lang='lat' dir='ltr'><strong>omnes·</strong></span> <span class='ocrx_word' id='word_1_60' title='bbox 1119 1497 1396 1587; x_wconf 83' lang='lat' dir='ltr'><strong>Ixiona3</strong></span> <span class='ocrx_word' id='word_1_61' title='bbox 1439 1527 1671 1573; x_wconf 85' lang='lat' dir='ltr'><strong>rursus</strong></span> <span class='ocrx_word' id='word_1_62' title='bbox 1708 1500 1791 1574; x_wconf 85' lang='lat' dir='ltr'><strong>ab</strong></span> <span class='ocrx_word' id='word_1_63' title='bbox 1828 1498 1946 1572; x_wconf 91' lang='lat' dir='ltr'><strong>illo</strong></span> 
     </span>
    </p>

    <p class='ocr_par' dir='ltr' id='par_1_10' title="bbox 321 1616 2457 1847">
     <span class='ocr_line' id='line_1_12' title="bbox 321 1616 2457 1723; baseline 0.001 -33"><span class='ocrx_word' id='word_1_64' title='bbox 321 1616 656 1719; x_wconf 80' lang='lat' dir='ltr'><strong>Sisyphon</strong></span> <span class='ocrx_word' id='word_1_65' title='bbox 687 1619 1097 1721; x_wconf 89' lang='lat' dir='ltr'><strong>adspiciens;</strong></span> <span class='ocrx_word' id='word_1_66' title='bbox 1139 1652 1176 1685; x_wconf 92' lang='lat'>«</span> <span class='ocrx_word' id='word_1_67' title='bbox 1216 1621 1359 1695; x_wconf 88' lang='lat' dir='ltr'><strong>Cur</strong></span> <span class='ocrx_word' id='word_1_68' title='bbox 1387 1620 1497 1694; x_wconf 88' lang='lat' dir='ltr'><strong>hie</strong></span> <span class='ocrx_word' id='word_1_69' title='bbox 1531 1649 1567 1694; x_wconf 90' lang='lat' dir='ltr'><strong>e</strong></span> <span class='ocrx_word' id='word_1_70' title='bbox 1593 1621 1915 1696; x_wconf 86' lang='lat' dir='ltr'><strong>fratribus</strong></span> <span class='ocrx_word' id='word_1_71' title='bbox 1936 1678 1954 1711; x_wconf 87' lang='lat'><strong>,</strong></span> <span class='ocrx_word' id='word_1_72' title='bbox 1988 1621 2211 1723; x_wconf 89' lang='lat' dir='ltr'><strong>inquit</strong></span> <span class='ocrx_word' id='word_1_73' title='bbox 2234 1677 2253 1709; x_wconf 89' lang='lat'><strong>,</strong></span> <span class='ocrx_word' id='word_1_74' title='bbox 2356 1642 2457 1711; x_wconf 77' lang='grc'><strong>465</strong></span> 
     </span>
     <span class='ocr_line' id='line_1_13' title="bbox 323 1741 2202 1847; baseline 0.004 -33"><span class='ocrx_word' id='word_1_75' title='bbox 323 1774 364 1806; x_wconf 85' lang='grc'><em>»</em></span> <span class='ocrx_word' id='word_1_76' title='bbox 405 1741 765 1843; x_wconf 86' lang='lat' dir='ltr'><strong>Perpetuas</strong></span> <span class='ocrx_word' id='word_1_77' title='bbox 797 1743 1052 1844; x_wconf 87' lang='lat' dir='ltr'><strong>patitur</strong></span> <span class='ocrx_word' id='word_1_78' title='bbox 1083 1745 1365 1846; x_wconf 81' lang='lat' dir='ltr'><strong>poenas?</strong></span> <span class='ocrx_word' id='word_1_79' title='bbox 1395 1743 1805 1821; x_wconf 80' lang='lat' dir='ltr'><strong>Athamanta</strong></span> <span class='ocrx_word' id='word_1_80' title='bbox 1835 1744 2202 1847; x_wconf 88' lang='lat' dir='ltr'><strong>superbum</strong></span> 
     </span>
    </p>
   </div>
   <div class='ocr_carea' id='block_1_9' title="bbox 315 1956 1355 4383">
    <p class='ocr_par' dir='ltr' id='par_1_11' title="bbox 315 1956 1355 4383">
     <span class='ocr_line' id='line_1_14' title="bbox 320 1956 1344 2027; baseline 0.002 -17"><span class='ocrx_word' id='word_1_81' title='bbox 320 1967 517 2011; x_wconf 81' lang='lat' dir='ltr'><strong>tartara</strong></span> <span class='ocrx_word' id='word_1_82' title='bbox 539 1956 784 2013; x_wconf 83' lang='lat' dir='ltr'><strong>detrusus</strong></span> <span class='ocrx_word' id='word_1_83' title='bbox 805 1964 1003 2013; x_wconf 64' lang='lat' dir='ltr'><strong>velt-cera</strong></span> <span class='ocrx_word' id='word_1_84' title='bbox 1018 2000 1032 2021; x_wconf 87' lang='lat'><strong>,</strong></span> <span class='ocrx_word' id='word_1_85' title='bbox 1066 1960 1245 2027; x_wconf 80' lang='lat' dir='ltr'><strong>iecur,</strong></span> <span class='ocrx_word' id='word_1_86' title='bbox 1269 1963 1344 2012; x_wconf 83' lang='lat' dir='ltr'><strong>Ia·</strong></span> 
     </span>
     <span class='ocr_line' id='line_1_15' title="bbox 320 2032 1345 2104; baseline -0.001 -15"><span class='ocrx_word' id='word_1_87' title='bbox 320 2039 519 2089; x_wconf 60' lang='lat' dir='ltr'><strong>amada</strong></span> <span class='ocrx_word' id='word_1_88' title='bbox 532 2076 545 2098; x_wconf 93' lang='lat'>‚</span> <span class='ocrx_word' id='word_1_89' title='bbox 577 2032 879 2089; x_wconf 81' lang='lat' dir='ltr'><strong>devoranda</strong></span> <span class='ocrx_word' id='word_1_90' title='bbox 897 2076 913 2103; x_wconf 88' lang='lat'><strong>,</strong></span> <span class='ocrx_word' id='word_1_91' title='bbox 935 2040 1195 2104; x_wconf 74' lang='lat' dir='ltr'><strong>prebebat</strong></span> <span class='ocrx_word' id='word_1_92' title='bbox 1218 2035 1345 2089; x_wconf 90' lang='lat' dir='ltr'><strong>duo-</strong></span> 
     </span>
     <span class='ocr_line' id='line_1_16' title="bbox 319 2112 1348 2168; baseline 0 -2"><span class='ocrx_word' id='word_1_93' title='bbox 319 2113 422 2168; x_wconf 84' lang='lat' dir='ltr'><strong>bus</strong></span> <span class='ocrx_word' id='word_1_94' title='bbox 442 2113 751 2167; x_wconf 78' lang='lat' dir='ltr'><strong>vulturibus.</strong></span> <span class='ocrx_word' id='word_1_95' title='bbox 763 2114 798 2167; x_wconf 83' lang='lat' dir='ltr'>J</span> <span class='ocrx_word' id='word_1_96' title='bbox 803 2115 982 2168; x_wconf 83' lang='lat' dir='ltr'><strong>acebat</strong></span> <span class='ocrx_word' id='word_1_97' title='bbox 998 2125 1177 2167; x_wconf 87' lang='lat' dir='ltr'><strong>autem</strong></span> <span class='ocrx_word' id='word_1_98' title='bbox 1195 2112 1348 2167; x_wconf 83' lang='lat' dir='ltr'><strong>humi</strong></span> 
     </span>
     <span class='ocr_line' id='line_1_17' title="bbox 318 2192 1348 2264; baseline -0.001 -18"><span class='ocrx_word' id='word_1_99' title='bbox 318 2202 614 2264; x_wconf 83' lang='lat' dir='ltr'><strong>prostratus</strong></span> <span class='ocrx_word' id='word_1_100' title='bbox 632 2233 649 2259; x_wconf 92' lang='lat'><strong>,</strong></span> <span class='ocrx_word' id='word_1_101' title='bbox 685 2202 994 2261; x_wconf 62' lang='lat' dir='ltr'><strong>vatumque</strong></span> <span class='ocrx_word' id='word_1_102' title='bbox 1023 2192 1138 2259; x_wconf 82' lang='lat' dir='ltr'><strong>eius</strong></span> <span class='ocrx_word' id='word_1_103' title='bbox 1159 2210 1348 2260; x_wconf 87' lang='lat' dir='ltr'><strong>corpus</strong></span> 
     </span>
     <span class='ocr_line' id='line_1_18' title="bbox 318 2268 1346 2341; baseline -0.003 -15"><span class='ocrx_word' id='word_1_104' title='bbox 318 2290 524 2326; x_wconf 79' lang='lat' dir='ltr'><strong>novem</strong></span> <span class='ocrx_word' id='word_1_105' title='bbox 545 2272 795 2341; x_wconf 79' lang='lat' dir='ltr'><strong>jugerum</strong></span> <span class='ocrx_word' id='word_1_106' title='bbox 817 2270 1045 2340; x_wconf 86' lang='lat' dir='ltr'><strong>spatium</strong></span> <span class='ocrx_word' id='word_1_107' title='bbox 1080 2268 1346 2340; x_wconf 85' lang='lat' dir='ltr'><strong>implebat.</strong></span> 
     </span>
     <span class='ocr_line' id='line_1_19' title="bbox 385 2348 1346 2421; baseline -0.002 -18"><span class='ocrx_word' id='word_1_108' title='bbox 385 2353 457 2417; x_wconf 76' lang='grc'><strong>45</strong></span> <span class='ocrx_word' id='word_1_109' title='bbox 463 2371 507 2420; x_wconf 85' lang='grc'><strong>7.</strong></span> <span class='ocrx_word' id='word_1_110' title='bbox 517 2352 787 2403; x_wconf 70' lang='lat' dir='ltr'><strong>Distentas</strong></span> <span class='ocrx_word' id='word_1_111' title='bbox 801 2360 866 2421; x_wconf 73' lang='grc' dir='ltr'><strong>τῷ</strong></span> <span class='ocrx_word' id='word_1_112' title='bbox 877 2352 1151 2402; x_wconf 69' lang='lat' dir='ltr'><strong>distr-aclas</strong></span> <span class='ocrx_word' id='word_1_113' title='bbox 1169 2349 1223 2402; x_wconf 89' lang='grc' dir='ltr'>Η</span> <span class='ocrx_word' id='word_1_114' title='bbox 1226 2348 1346 2402; x_wconf 89' lang='lat' dir='ltr'><strong>ein-</strong></span> 
     </span>
     <span class='ocr_line' id='line_1_20' title="bbox 315 2424 1345 2498; baseline -0.004 -16"><span class='ocrx_word' id='word_1_115' title='bbox 315 2429 429 2482; x_wconf 86' lang='lat' dir='ltr'><strong>sius</strong></span> <span class='ocrx_word' id='word_1_116' title='bbox 440 2427 670 2498; x_wconf 61' lang='lat' dir='ltr'><strong>pretulit</strong></span> <span class='ocrx_word' id='word_1_117' title='bbox 682 2447 710 2480; x_wconf 90' lang='lat' dir='ltr'><strong>e</strong></span> <span class='ocrx_word' id='word_1_118' title='bbox 721 2426 893 2497; x_wconf 85' lang='lat' dir='ltr'><strong>primo</strong></span> <span class='ocrx_word' id='word_1_119' title='bbox 903 2424 1345 2493; x_wconf 77' lang='lat' dir='ltr'><strong>Mediceo,A1-on-</strong></span> 
     </span>
     <span class='ocr_line' id='line_1_21' title="bbox 317 2508 1344 2564; baseline -0.002 -1"><span class='ocrx_word' id='word_1_120' title='bbox 317 2509 535 2564; x_wconf 85' lang='lat' dir='ltr'><strong>deliano</strong></span> <span class='ocrx_word' id='word_1_121' title='bbox 554 2521 609 2564; x_wconf 88' lang='lat' dir='ltr'><strong>et</strong></span> <span class='ocrx_word' id='word_1_122' title='bbox 628 2508 831 2564; x_wconf 84' lang='lat' dir='ltr'><strong>duobus</strong></span> <span class='ocrx_word' id='word_1_123' title='bbox 855 2509 980 2562; x_wconf 86' lang='lat' dir='ltr'><strong>aliis.</strong></span> <span class='ocrx_word' id='word_1_124' title='bbox 1017 2510 1344 2563; x_wconf 81' lang='lat' dir='ltr'><strong>Prohaverat</strong></span> 
     </span>
     <span class='ocr_line' id='line_1_22' title="bbox 317 2585 1342 2656; baseline -0.005 -13"><span class='ocrx_word' id='word_1_125' title='bbox 317 2589 430 2656; x_wconf 76' lang='lat' dir='ltr'><strong>iam</strong></span> <span class='ocrx_word' id='word_1_126' title='bbox 451 2586 639 2642; x_wconf 82' lang='lat' dir='ltr'><strong>Const.</strong></span> <span class='ocrx_word' id='word_1_127' title='bbox 655 2587 702 2641; x_wconf 86' lang='lat' dir='ltr'><strong>F</strong></span> <span class='ocrx_word' id='word_1_128' title='bbox 702 2607 785 2641; x_wconf 84' lang='lat' dir='ltr'><strong>an.</strong></span> <span class='ocrx_word' id='word_1_129' title='bbox 799 2606 862 2641; x_wconf 82' lang='lat' dir='ltr'><strong>ex</strong></span> <span class='ocrx_word' id='word_1_130' title='bbox 874 2585 1038 2643; x_wconf 84' lang='lat' dir='ltr'>MSS.</span> <span class='ocrx_word' id='word_1_131' title='bbox 1054 2586 1342 2641; x_wconf 79' lang='lat' dir='ltr'><strong>nonnullis.</strong></span> 
     </span>
     <span class='ocr_line' id='line_1_23' title="bbox 320 2665 1341 2745; baseline -0.004 -24"><span class='ocrx_word' id='word_1_132' title='bbox 320 2693 389 2708; x_wconf 90' lang='lat'><strong>·-</strong></span> <span class='ocrx_word' id='word_1_133' title='bbox 412 2666 638 2721; x_wconf 84' lang='lat' dir='ltr'><strong>Codices</strong></span> <span class='ocrx_word' id='word_1_134' title='bbox 659 2666 824 2720; x_wconf 81' lang='lat' dir='ltr'><strong>nostri</strong></span> <span class='ocrx_word' id='word_1_135' title='bbox 844 2665 1026 2736; x_wconf 79' lang='lat' dir='ltr'><strong>Regii,</strong></span> <span class='ocrx_word' id='word_1_136' title='bbox 1051 2669 1341 2745; x_wconf 34' lang='lat' dir='ltr'><strong>dasle-actus.</strong></span> 
     </span>
     <span class='ocr_line' id='line_1_24' title="bbox 320 2743 1343 2815; baseline 0 -18"><span class='ocrx_word' id='word_1_137' title='bbox 320 2774 389 2786; x_wconf 89' lang='lat'><strong>—</strong></span> <span class='ocrx_word' id='word_1_138' title='bbox 407 2748 674 2808; x_wconf 65' lang='lat' dir='ltr'><strong>Detrtendi,</strong></span> <span class='ocrx_word' id='word_1_139' title='bbox 700 2745 922 2798; x_wconf 79' lang='lat' dir='ltr'><strong>verbum</strong></span> <span class='ocrx_word' id='word_1_140' title='bbox 938 2745 1147 2815; x_wconf 76' lang='lat' dir='ltr'><strong>elegans</strong></span> <span class='ocrx_word' id='word_1_141' title='bbox 1164 2784 1180 2812; x_wconf 94' lang='lat'><strong>,</strong></span> <span class='ocrx_word' id='word_1_142' title='bbox 1198 2743 1343 2815; x_wconf 88' lang='lat' dir='ltr'><strong>quod</strong></span> 
     </span>
     <span class='ocr_line' id='line_1_25' title="bbox 322 2822 1342 2895; baseline -0.003 -17"><span class='ocrx_word' id='word_1_143' title='bbox 322 2824 389 2879; x_wconf 84' lang='lat' dir='ltr'><strong>de</strong></span> <span class='ocrx_word' id='word_1_144' title='bbox 435 2825 609 2895; x_wconf 74' lang='lat' dir='ltr'><strong>longo-</strong></span> <span class='ocrx_word' id='word_1_145' title='bbox 638 2842 887 2895; x_wconf 77' lang='lat' dir='ltr'><strong>agrorum</strong></span> <span class='ocrx_word' id='word_1_146' title='bbox 926 2834 1095 2878; x_wconf 85' lang='lat' dir='ltr'><strong>tractu</strong></span> <span class='ocrx_word' id='word_1_147' title='bbox 1130 2822 1342 2894; x_wconf 82' lang='lat' dir='ltr'><strong>proprie</strong></span> 
     </span>
     <span class='ocr_line' id='line_1_26' title="bbox 323 2900 1344 2974; baseline -0.004 -17"><span class='ocrx_word' id='word_1_148' title='bbox 323 2913 633 2974; x_wconf 84' lang='lat' dir='ltr'><strong>usurpatum</strong></span> <span class='ocrx_word' id='word_1_149' title='bbox 653 2942 668 2969; x_wconf 93' lang='lat'><strong>,</strong></span> <span class='ocrx_word' id='word_1_150' title='bbox 706 2902 792 2956; x_wconf 88' lang='lat' dir='ltr'><strong>hic</strong></span> <span class='ocrx_word' id='word_1_151' title='bbox 836 2901 901 2956; x_wconf 87' lang='lat' dir='ltr'><strong>ad</strong></span> <span class='ocrx_word' id='word_1_152' title='bbox 935 2900 1344 2971; x_wconf 85' lang='lat' dir='ltr'><strong>amplitudinem</strong></span> 
     </span>
     <span class='ocr_line' id='line_1_27' title="bbox 322 2979 1344 3055; baseline -0.004 -19"><span class='ocrx_word' id='word_1_153' title='bbox 322 2982 557 3055; x_wconf 84' lang='lat' dir='ltr'><strong>corporis</strong></span> <span class='ocrx_word' id='word_1_154' title='bbox 606 2980 978 3035; x_wconf 80' lang='lat' dir='ltr'><strong>declarandam</strong></span> <span class='ocrx_word' id='word_1_155' title='bbox 1028 2979 1344 3034; x_wconf 84' lang='lat' dir='ltr'><strong>translatum</strong></span> 
     </span>
     <span class='ocr_line' id='line_1_28' title="bbox 323 3055 1344 3130; baseline -0.006 -15"><span class='ocrx_word' id='word_1_156' title='bbox 323 3072 417 3115; x_wconf 87' lang='lat' dir='ltr'><strong>est.</strong></span> <span class='ocrx_word' id='word_1_157' title='bbox 449 3058 634 3130; x_wconf 78' lang='lat' dir='ltr'><strong>Virgil.</strong></span> <span class='ocrx_word' id='word_1_158' title='bbox 656 3069 712 3113; x_wconf 86' lang='lat' dir='ltr'><strong>et</strong></span> <span class='ocrx_word' id='word_1_159' title='bbox 725 3058 903 3113; x_wconf 81' lang='lat' dir='ltr'><strong>Tibul.</strong></span> <span class='ocrx_word' id='word_1_160' title='bbox 924 3057 980 3110; x_wconf 89' lang='lat' dir='ltr'><strong>in</strong></span> <span class='ocrx_word' id='word_1_161' title='bbox 1003 3055 1102 3110; x_wconf 87' lang='lat' dir='ltr'><strong>hac</strong></span> <span class='ocrx_word' id='word_1_162' title='bbox 1122 3076 1180 3109; x_wconf 87' lang='lat' dir='ltr'><strong>re</strong></span> <span class='ocrx_word' id='word_1_163' title='bbox 1196 3094 1211 3121; x_wconf 94' lang='lat'><strong>,</strong></span> <span class='ocrx_word' id='word_1_164' title='bbox 1221 3076 1344 3124; x_wconf 80' lang='lat' dir='ltr'><strong>por·-</strong></span> 
     </span>
     <span class='ocr_line' id='line_1_29' title="bbox 320 3135 1341 3211; baseline -0.004 -19"><span class='ocrx_word' id='word_1_165' title='bbox 320 3144 436 3208; x_wconf 65' lang='lat' dir='ltr'><strong>n‘gi.</strong></span> <span class='ocrx_word' id='word_1_166' title='bbox 462 3138 657 3211; x_wconf 80' lang='lat' dir='ltr'><strong>Heyne</strong></span> <span class='ocrx_word' id='word_1_167' title='bbox 680 3137 736 3189; x_wconf 91' lang='lat' dir='ltr'><strong>in</strong></span> <span class='ocrx_word' id='word_1_168' title='bbox 758 3136 894 3189; x_wconf 86' lang='lat' dir='ltr'><strong>libro</strong></span> <span class='ocrx_word' id='word_1_169' title='bbox 908 3136 1086 3202; x_wconf 76' lang='lat' dir='ltr'><strong>Anlc‘q.</strong></span> <span class='ocrx_word' id='word_1_170' title='bbox 1108 3135 1264 3206; x_wconf 73' lang='lat' dir='ltr'><strong>Aust.</strong></span> <span class='ocrx_word' id='word_1_171' title='bbox 1284 3136 1309 3188; x_wconf 91' lang='grc' dir='ltr'>Ι</span> <span class='ocrx_word' id='word_1_172' title='bbox 1326 3177 1341 3204; x_wconf 85' lang='lat'><strong>,</strong></span> 
     </span>
     <span class='ocr_line' id='line_1_30' title="bbox 321 3213 1347 3287; baseline -0.001 -19"><span class='ocrx_word' id='word_1_173' title='bbox 321 3236 378 3287; x_wconf 88' lang='lat' dir='ltr'><strong>p.</strong></span> <span class='ocrx_word' id='word_1_174' title='bbox 396 3215 492 3281; x_wconf 80' lang='lat'><strong>56,</strong></span> <span class='ocrx_word' id='word_1_175' title='bbox 509 3225 696 3268; x_wconf 85' lang='lat' dir='ltr'><strong>monet</strong></span> <span class='ocrx_word' id='word_1_176' title='bbox 714 3254 729 3281; x_wconf 89' lang='lat'><strong>,</strong></span> <span class='ocrx_word' id='word_1_177' title='bbox 752 3214 950 3286; x_wconf 82' lang='lat' dir='ltr'><strong>Tityon</strong></span> <span class='ocrx_word' id='word_1_178' title='bbox 972 3213 1127 3266; x_wconf 84' lang='lat' dir='ltr'><strong>fuisse</strong></span> <span class='ocrx_word' id='word_1_179' title='bbox 1147 3213 1310 3267; x_wconf 81' lang='lat' dir='ltr'><strong>heroa</strong></span> <span class='ocrx_word' id='word_1_180' title='bbox 1332 3252 1347 3282; x_wconf 90' lang='lat'><strong>,</strong></span> 
     </span>
     <span class='ocr_line' id='line_1_31' title="bbox 321 3293 1343 3364; baseline -0.003 -14"><span class='ocrx_word' id='word_1_181' title='bbox 321 3296 478 3364; x_wconf 81' lang='lat' dir='ltr'><strong>cuius</strong></span> <span class='ocrx_word' id='word_1_182' title='bbox 493 3296 710 3349; x_wconf 83' lang='lat' dir='ltr'><strong>bustum</strong></span> <span class='ocrx_word' id='word_1_183' title='bbox 723 3311 918 3363; x_wconf 78' lang='lat' dir='ltr'><strong>magno</strong></span> <span class='ocrx_word' id='word_1_184' title='bbox 931 3294 1091 3346; x_wconf 85' lang='lat' dir='ltr'><strong>suerit</strong></span> <span class='ocrx_word' id='word_1_185' title='bbox 1114 3293 1315 3348; x_wconf 84' lang='lat' dir='ltr'><strong>ambitu</strong></span> <span class='ocrx_word' id='word_1_186' title='bbox 1326 3334 1343 3362; x_wconf 91' lang='lat'><strong>,</strong></span> 
     </span>
     <span class='ocr_line' id='line_1_32' title="bbox 321 3371 1348 3442; baseline -0.003 -14"><span class='ocrx_word' id='word_1_187' title='bbox 321 3385 382 3429; x_wconf 87' lang='lat' dir='ltr'><strong>et</strong></span> <span class='ocrx_word' id='word_1_188' title='bbox 403 3373 471 3427; x_wconf 87' lang='lat' dir='ltr'><strong>ad</strong></span> <span class='ocrx_word' id='word_1_189' title='bbox 494 3372 639 3442; x_wconf 84' lang='lat' dir='ltr'><strong>quod</strong></span> <span class='ocrx_word' id='word_1_190' title='bbox 661 3371 898 3425; x_wconf 83' lang='lat' dir='ltr'><strong>vultures</strong></span> <span class='ocrx_word' id='word_1_191' title='bbox 926 3371 1114 3425; x_wconf 79' lang='lat' dir='ltr'><strong>versati</strong></span> <span class='ocrx_word' id='word_1_192' title='bbox 1138 3371 1260 3426; x_wconf 84' lang='lat' dir='ltr'><strong>sint.</strong></span> <span class='ocrx_word' id='word_1_193' title='bbox 1279 3398 1348 3413; x_wconf 92' lang='grc'><strong>·-</strong></span> 
     </span>
     <span class='ocr_line' id='line_1_33' title="bbox 329 3449 1348 3518; baseline -0.003 -13"><span class='ocrx_word' id='word_1_194' title='bbox 329 3455 604 3514; x_wconf 69' lang='lat' dir='ltr'><strong>Tantalus,</strong></span> <span class='ocrx_word' id='word_1_195' title='bbox 621 3450 769 3505; x_wconf 81' lang='lat' dir='ltr'><strong>Jovis</strong></span> <span class='ocrx_word' id='word_1_196' title='bbox 791 3450 927 3505; x_wconf 87' lang='lat' dir='ltr'><strong>filius</strong></span> <span class='ocrx_word' id='word_1_197' title='bbox 942 3490 958 3516; x_wconf 90' lang='lat'><strong>,</strong></span> <span class='ocrx_word' id='word_1_198' title='bbox 980 3451 1086 3505; x_wconf 79' lang='lat' dir='ltr'><strong>sive</strong></span> <span class='ocrx_word' id='word_1_199' title='bbox 1103 3450 1225 3518; x_wconf 84' lang='lat' dir='ltr'><strong>quia</strong></span> <span class='ocrx_word' id='word_1_200' title='bbox 1244 3449 1348 3502; x_wconf 84' lang='lat' dir='ltr'><strong>Jo—</strong></span> 
     </span>
     <span class='ocr_line' id='line_1_34' title="bbox 323 3527 1347 3600; baseline -0.001 -19"><span class='ocrx_word' id='word_1_201' title='bbox 323 3530 404 3583; x_wconf 79' lang='lat' dir='ltr'><strong>vis</strong></span> <span class='ocrx_word' id='word_1_202' title='bbox 426 3548 617 3583; x_wconf 83' lang='lat' dir='ltr'><strong>areana</strong></span> <span class='ocrx_word' id='word_1_203' title='bbox 637 3529 957 3600; x_wconf 77' lang='lat' dir='ltr'><strong>vulgaverat,</strong></span> <span class='ocrx_word' id='word_1_204' title='bbox 972 3529 1079 3583; x_wconf 85' lang='lat' dir='ltr'><strong>sive</strong></span> <span class='ocrx_word' id='word_1_205' title='bbox 1094 3527 1218 3598; x_wconf 83' lang='lat' dir='ltr'><strong>quia</strong></span> <span class='ocrx_word' id='word_1_206' title='bbox 1232 3527 1347 3581; x_wconf 85' lang='lat' dir='ltr'><strong>Diis</strong></span> 
     </span>
     <span class='ocr_line' id='line_1_35' title="bbox 321 3607 1347 3680; baseline -0.004 -16"><span class='ocrx_word' id='word_1_207' title='bbox 321 3608 470 3680; x_wconf 84' lang='lat' dir='ltr'><strong>apud</strong></span> <span class='ocrx_word' id='word_1_208' title='bbox 485 3628 540 3664; x_wconf 86' lang='lat' dir='ltr'><strong>se</strong></span> <span class='ocrx_word' id='word_1_209' title='bbox 559 3610 884 3664; x_wconf 82' lang='lat' dir='ltr'><strong>coenantihus</strong></span> <span class='ocrx_word' id='word_1_210' title='bbox 898 3610 1154 3677; x_wconf 81' lang='lat' dir='ltr'><strong>Pelopem</strong></span> <span class='ocrx_word' id='word_1_211' title='bbox 1176 3607 1347 3661; x_wconf 85' lang='lat' dir='ltr'><strong>filium</strong></span> 
     </span>
     <span class='ocr_line' id='line_1_36' title="bbox 321 3687 1345 3759; baseline -0.005 -16"><span class='ocrx_word' id='word_1_212' title='bbox 321 3699 538 3744; x_wconf 86' lang='lat' dir='ltr'><strong>coctum</strong></span> <span class='ocrx_word' id='word_1_213' title='bbox 556 3698 885 3759; x_wconf 84' lang='lat' dir='ltr'><strong>apposuerat,</strong></span> <span class='ocrx_word' id='word_1_214' title='bbox 904 3688 957 3740; x_wconf 94' lang='lat' dir='ltr'><strong>in</strong></span> <span class='ocrx_word' id='word_1_215' title='bbox 977 3687 1189 3740; x_wconf 79' lang='lat' dir='ltr'><strong>inferno</strong></span> <span class='ocrx_word' id='word_1_216' title='bbox 1205 3704 1345 3754; x_wconf 86' lang='lat' dir='ltr'><strong>eam,</strong></span> 
     </span>
     <span class='ocr_line' id='line_1_37' title="bbox 323 3764 1350 3838; baseline -0.003 -18"><span class='ocrx_word' id='word_1_217' title='bbox 323 3785 447 3838; x_wconf 65' lang='lat' dir='ltr'><strong>quc</strong></span> <span class='ocrx_word' id='word_1_218' title='bbox 471 3765 557 3819; x_wconf 86' lang='lat' dir='ltr'><strong>hic</strong></span> <span class='ocrx_word' id='word_1_219' title='bbox 579 3766 854 3837; x_wconf 78' lang='lat' dir='ltr'><strong>attingitur</strong></span> <span class='ocrx_word' id='word_1_220' title='bbox 871 3806 886 3833; x_wconf 91' lang='lat'><strong>,</strong></span> <span class='ocrx_word' id='word_1_221' title='bbox 912 3784 1126 3835; x_wconf 84' lang='lat' dir='ltr'><strong>poenam</strong></span> <span class='ocrx_word' id='word_1_222' title='bbox 1149 3764 1259 3817; x_wconf 89' lang='lat' dir='ltr'><strong>luit.</strong></span> <span class='ocrx_word' id='word_1_223' title='bbox 1281 3791 1350 3804; x_wconf 90' lang='lat'><strong>—</strong></span> 
     </span>
     <span class='ocr_line' id='line_1_38' title="bbox 324 3842 1343 3913; baseline -0.005 -12"><span class='ocrx_word' id='word_1_224' title='bbox 324 3846 726 3913; x_wconf 62' lang='lat' dir='ltr'><strong>Depre-adunca.</strong></span> <span class='ocrx_word' id='word_1_225' title='bbox 753 3842 1021 3897; x_wconf 82' lang='lat' dir='ltr'><strong>Gebhard.</strong></span> <span class='ocrx_word' id='word_1_226' title='bbox 1062 3842 1223 3913; x_wconf 89' lang='lat' dir='ltr'><strong>Crep.</strong></span> <span class='ocrx_word' id='word_1_227' title='bbox 1254 3842 1309 3896; x_wconf 89' lang='lat'><strong>11</strong></span> <span class='ocrx_word' id='word_1_228' title='bbox 1328 3882 1343 3904; x_wconf 82' lang='lat'><strong>,</strong></span> 
     </span>
     <span class='ocr_line' id='line_1_39' title="bbox 329 3919 1350 3991; baseline -0.006 -12"><span class='ocrx_word' id='word_1_229' title='bbox 329 3926 394 3982; x_wconf 77' lang='lat'><strong>15</strong></span> <span class='ocrx_word' id='word_1_230' title='bbox 410 3963 427 3991; x_wconf 87' lang='lat'><strong>,</strong></span> <span class='ocrx_word' id='word_1_231' title='bbox 463 3922 714 3977; x_wconf 82' lang='lat' dir='ltr'><strong>emendat</strong></span> <span class='ocrx_word' id='word_1_232' title='bbox 748 3925 1103 3991; x_wconf 74' lang='lat' dir='ltr'><strong>depredantur.</strong></span> <span class='ocrx_word' id='word_1_233' title='bbox 1129 3949 1196 3962; x_wconf 92' lang='lat'>-</span> <span class='ocrx_word' id='word_1_234' title='bbox 1226 3919 1350 3974; x_wconf 85' lang='lat' dir='ltr'><strong>Co-</strong></span> 
     </span>
     <span class='ocr_line' id='line_1_40' title="bbox 324 4000 1285 4071; baseline -0.005 -15"><span class='ocrx_word' id='word_1_235' title='bbox 324 4002 471 4056; x_wconf 83' lang='lat' dir='ltr'><strong>dices</strong></span> <span class='ocrx_word' id='word_1_236' title='bbox 492 4001 659 4054; x_wconf 77' lang='lat' dir='ltr'><strong>nostri</strong></span> <span class='ocrx_word' id='word_1_237' title='bbox 682 4000 832 4071; x_wconf 80' lang='lat' dir='ltr'><strong>Regii</strong></span> <span class='ocrx_word' id='word_1_238' title='bbox 851 4042 865 4064; x_wconf 83' lang='lat'><strong>,</strong></span> <span class='ocrx_word' id='word_1_239' title='bbox 905 4001 1285 4067; x_wconf 72' lang='lat' dir='ltr'><strong>deprenduntur.</strong></span> 
     </span>
     <span class='ocr_line' id='line_1_41' title="bbox 393 4077 1352 4152; baseline -0.003 -21"><span class='ocrx_word' id='word_1_240' title='bbox 393 4081 508 4152; x_wconf 71' lang='lat'><strong>459.</strong></span> <span class='ocrx_word' id='word_1_241' title='bbox 541 4080 728 4147; x_wconf 64' lang='lat' dir='ltr'><strong>Urges,</strong></span> <span class='ocrx_word' id='word_1_242' title='bbox 753 4096 850 4147; x_wconf 89' lang='lat' dir='ltr'><strong>pro</strong></span> <span class='ocrx_word' id='word_1_243' title='bbox 883 4077 1043 4131; x_wconf 77' lang='lat' dir='ltr'><strong>volvis</strong></span> <span class='ocrx_word' id='word_1_244' title='bbox 1060 4117 1076 4144; x_wconf 89' lang='lat'><strong>,</strong></span> <span class='ocrx_word' id='word_1_245' title='bbox 1100 4094 1352 4145; x_wconf 76' lang='lat' dir='ltr'><strong>magnam</strong></span> 
     </span>
     <span class='ocr_line' id='line_1_42' title="bbox 324 4156 1351 4226; baseline -0.006 -14"><span class='ocrx_word' id='word_1_246' title='bbox 324 4156 530 4212; x_wconf 80' lang='lat' dir='ltr'><strong>indicat</strong></span> <span class='ocrx_word' id='word_1_247' title='bbox 540 4157 670 4223; x_wconf 80' lang='lat' dir='ltr'><strong>vim,</strong></span> <span class='ocrx_word' id='word_1_248' title='bbox 685 4175 790 4226; x_wconf 86' lang='lat' dir='ltr'><strong>qua</strong></span> <span class='ocrx_word' id='word_1_249' title='bbox 802 4156 990 4213; x_wconf 80' lang='lat' dir='ltr'><strong>nititur</strong></span> <span class='ocrx_word' id='word_1_250' title='bbox 1000 4165 1186 4210; x_wconf 84' lang='lat' dir='ltr'><strong>contra</strong></span> <span class='ocrx_word' id='word_1_251' title='bbox 1200 4173 1351 4208; x_wconf 89' lang='lat' dir='ltr'><strong>onus.</strong></span> 
     </span>
     <span class='ocr_line' id='line_1_43' title="bbox 332 4234 1355 4302; baseline -0.007 -12"><span class='ocrx_word' id='word_1_252' title='bbox 332 4236 480 4292; x_wconf 80' lang='lat' dir='ltr'><strong>Infra</strong></span> <span class='ocrx_word' id='word_1_253' title='bbox 494 4274 509 4302; x_wconf 87' lang='lat'><strong>,</strong></span> <span class='ocrx_word' id='word_1_254' title='bbox 530 4234 698 4299; x_wconf 84' lang='lat' dir='ltr'><strong>xm,</strong></span> <span class='ocrx_word' id='word_1_255' title='bbox 726 4234 790 4288; x_wconf 79' lang='lat'><strong>26</strong></span> <span class='ocrx_word' id='word_1_256' title='bbox 807 4274 822 4301; x_wconf 87' lang='lat'><strong>,</strong></span> <span class='ocrx_word' id='word_1_257' title='bbox 844 4253 1023 4286; x_wconf 69' lang='lat' dir='ltr'><strong>satum</strong></span> <span class='ocrx_word' id='word_1_258' title='bbox 1042 4253 1191 4302; x_wconf 68' lang='lat' dir='ltr'><strong>grave</strong></span> <span class='ocrx_word' id='word_1_259' title='bbox 1213 4234 1355 4302; x_wconf 69' lang='lat' dir='ltr'><strong>setes-</strong></span> 
     </span>
     <span class='ocr_line' id='line_1_44' title="bbox 322 4310 1352 4383; baseline -0.006 -14"><span class='ocrx_word' id='word_1_260' title='bbox 322 4316 465 4381; x_wconf 74' lang='lat' dir='ltr'><strong>phon</strong></span> <span class='ocrx_word' id='word_1_261' title='bbox 485 4320 640 4383; x_wconf 66' lang='lat' dir='ltr'><strong>uqa-t.</strong></span> <span class='ocrx_word' id='word_1_262' title='bbox 656 4339 723 4355; x_wconf 91' lang='lat'>—</span> <span class='ocrx_word' id='word_1_263' title='bbox 739 4314 1004 4367; x_wconf 70' lang='lat' dir='ltr'><strong>Baliarum</strong></span> <span class='ocrx_word' id='word_1_264' title='bbox 1021 4352 1037 4378; x_wconf 91' lang='lat'><strong>,</strong></span> <span class='ocrx_word' id='word_1_265' title='bbox 1064 4310 1352 4381; x_wconf 80' lang='lat' dir='ltr'><strong>eleganter,</strong></span> 
     </span>
    </p>
   </div>
   <div class='ocr_carea' id='block_1_10' title="bbox 1434 1959 2479 4381">
    <p class='ocr_par' dir='ltr' id='par_1_12' title="bbox 1435 1959 2467 2891">
     <span class='ocr_line' id='line_1_45' title="bbox 1442 1959 2458 2030; baseline -0.001 -16"><span class='ocrx_word' id='word_1_266' title='bbox 1442 1959 1586 2029; x_wconf 85' lang='lat' dir='ltr'><strong>quod</strong></span> <span class='ocrx_word' id='word_1_267' title='bbox 1613 1959 1703 2013; x_wconf 87' lang='lat' dir='ltr'><strong>uhi</strong></span> <span class='ocrx_word' id='word_1_268' title='bbox 1727 1959 1925 2013; x_wconf 85' lang='lat' dir='ltr'><strong>montis</strong></span> <span class='ocrx_word' id='word_1_269' title='bbox 1959 1978 2215 2013; x_wconf 83' lang='lat' dir='ltr'><strong>cacumen</strong></span> <span class='ocrx_word' id='word_1_270' title='bbox 2253 1959 2458 2030; x_wconf 78' lang='lat' dir='ltr'><strong>attigit,</strong></span> 
     </span>
     <span class='ocr_line' id='line_1_46' title="bbox 1442 2038 2467 2107; baseline -0.001 -14"><span class='ocrx_word' id='word_1_271' title='bbox 1442 2058 1473 2093; x_wconf 87' lang='lat' dir='ltr'><strong>e</strong></span> <span class='ocrx_word' id='word_1_272' title='bbox 1492 2039 1736 2092; x_wconf 85' lang='lat' dir='ltr'><strong>manibus</strong></span> <span class='ocrx_word' id='word_1_273' title='bbox 1758 2038 1992 2107; x_wconf 86' lang='lat' dir='ltr'><strong>elapsum</strong></span> <span class='ocrx_word' id='word_1_274' title='bbox 2017 2039 2073 2092; x_wconf 88' lang='lat' dir='ltr'><strong>in</strong></span> <span class='ocrx_word' id='word_1_275' title='bbox 2108 2038 2296 2092; x_wconf 83' lang='lat' dir='ltr'><strong>vallem</strong></span> <span class='ocrx_word' id='word_1_276' title='bbox 2318 2039 2467 2093; x_wconf 84' lang='lat' dir='ltr'><strong>redi-</strong></span> 
     </span>
     <span class='ocr_line' id='line_1_47' title="bbox 1444 2115 2466 2186; baseline 0.002 -18"><span class='ocrx_word' id='word_1_277' title='bbox 1444 2116 1585 2186; x_wconf 78' lang='lat' dir='ltr'><strong>gitur</strong></span> <span class='ocrx_word' id='word_1_278' title='bbox 1605 2155 1622 2184; x_wconf 94' lang='lat'><strong>,</strong></span> <span class='ocrx_word' id='word_1_279' title='bbox 1669 2115 1851 2169; x_wconf 91' lang='lat' dir='ltr'><strong>denuo</strong></span> <span class='ocrx_word' id='word_1_280' title='bbox 1894 2115 2228 2170; x_wconf 78' lang='lat' dir='ltr'><strong>volvendum.</strong></span> <span class='ocrx_word' id='word_1_281' title='bbox 2280 2115 2466 2171; x_wconf 83' lang='lat' dir='ltr'><strong>Codex</strong></span> 
     </span>
     <span class='ocr_line' id='line_1_48' title="bbox 1444 2190 2465 2264; baseline 0 -16"><span class='ocrx_word' id='word_1_282' title='bbox 1444 2190 1644 2264; x_wconf 78' lang='lat' dir='ltr'><strong>Regius</strong></span> <span class='ocrx_word' id='word_1_283' title='bbox 1679 2194 1725 2247; x_wconf 91' lang='lat' dir='ltr'>B</span> <span class='ocrx_word' id='word_1_284' title='bbox 1760 2193 1919 2249; x_wconf 85' lang='lat' dir='ltr'><strong>habet</strong></span> <span class='ocrx_word' id='word_1_285' title='bbox 1948 2197 2249 2261; x_wconf 58' lang='lat' dir='ltr'><strong>reditur-unu</strong></span> <span class='ocrx_word' id='word_1_286' title='bbox 2289 2195 2465 2251; x_wconf 85' lang='lat' dir='ltr'><strong>nescio</strong></span> 
     </span>
     <span class='ocr_line' id='line_1_49' title="bbox 1439 2271 2458 2343; baseline 0.002 -18"><span class='ocrx_word' id='word_1_287' title='bbox 1439 2291 1622 2329; x_wconf 87' lang='lat' dir='ltr'><strong>annon</strong></span> <span class='ocrx_word' id='word_1_288' title='bbox 1659 2271 1771 2327; x_wconf 73' lang='lat' dir='ltr'><strong>haec</strong></span> <span class='ocrx_word' id='word_1_289' title='bbox 1809 2271 1964 2326; x_wconf 82' lang='lat' dir='ltr'><strong>lectio</strong></span> <span class='ocrx_word' id='word_1_290' title='bbox 1991 2272 2059 2325; x_wconf 88' lang='lat' dir='ltr'><strong>sit</strong></span> <span class='ocrx_word' id='word_1_291' title='bbox 2089 2274 2418 2343; x_wconf 61' lang='lat' dir='ltr'><strong>prmmntior</strong></span> <span class='ocrx_word' id='word_1_292' title='bbox 2443 2296 2458 2339; x_wconf 76' lang='lat'><em>3</em></span> 
     </span>
     <span class='ocr_line' id='line_1_50' title="bbox 1437 2348 2460 2423; baseline 0.002 -19"><span class='ocrx_word' id='word_1_293' title='bbox 1437 2370 1566 2405; x_wconf 88' lang='lat' dir='ltr'><strong>nam</strong></span> <span class='ocrx_word' id='word_1_294' title='bbox 1584 2369 1767 2404; x_wconf 81' lang='lat' dir='ltr'><strong>saxum</strong></span> <span class='ocrx_word' id='word_1_295' title='bbox 1781 2349 1923 2418; x_wconf 88' lang='lat' dir='ltr'><strong>quod</strong></span> <span class='ocrx_word' id='word_1_296' title='bbox 1940 2348 2194 2423; x_wconf 76' lang='lat' dir='ltr'><strong>Sisyphus</strong></span> <span class='ocrx_word' id='word_1_297' title='bbox 2210 2353 2460 2422; x_wconf 79' lang='lat' dir='ltr'><strong>urgebat,</strong></span> 
     </span>
     <span class='ocr_line' id='line_1_51' title="bbox 1437 2429 2459 2492; baseline 0.003 -9"><span class='ocrx_word' id='word_1_298' title='bbox 1437 2450 1552 2484; x_wconf 83' lang='lat' dir='ltr'><strong>non</strong></span> <span class='ocrx_word' id='word_1_299' title='bbox 1572 2429 1735 2484; x_wconf 86' lang='lat' dir='ltr'><strong>modo</strong></span> <span class='ocrx_word' id='word_1_300' title='bbox 1760 2433 1961 2492; x_wconf 75' lang='lat' dir='ltr'><strong>ruebat,</strong></span> <span class='ocrx_word' id='word_1_301' title='bbox 2004 2430 2099 2485; x_wconf 85' lang='lat' dir='ltr'><strong>sed</strong></span> <span class='ocrx_word' id='word_1_302' title='bbox 2121 2442 2178 2485; x_wconf 85' lang='lat' dir='ltr'><strong>et</strong></span> <span class='ocrx_word' id='word_1_303' title='bbox 2202 2432 2459 2486; x_wconf 82' lang='lat' dir='ltr'><strong>continuo</strong></span> 
     </span>
     <span class='ocr_line' id='line_1_52' title="bbox 1436 2508 2459 2577; baseline 0.003 -17"><span class='ocrx_word' id='word_1_304' title='bbox 1436 2512 1551 2561; x_wconf 75' lang='lat' dir='ltr'><em>ibat</em></span> <span class='ocrx_word' id='word_1_305' title='bbox 1580 2518 1637 2562; x_wconf 87' lang='lat' dir='ltr'><strong>et</strong></span> <span class='ocrx_word' id='word_1_306' title='bbox 1675 2510 1875 2562; x_wconf 67' lang='lat' dir='ltr'><strong>rema!</strong></span> <span class='ocrx_word' id='word_1_307' title='bbox 1889 2549 1902 2570; x_wconf 82' lang='lat'><strong><em>‚</em></strong></span> <span class='ocrx_word' id='word_1_308' title='bbox 1938 2508 2078 2562; x_wconf 88' lang='lat' dir='ltr'><strong>unde</strong></span> <span class='ocrx_word' id='word_1_309' title='bbox 2108 2548 2125 2577; x_wconf 88' lang='lat'><strong>,</strong></span> <span class='ocrx_word' id='word_1_310' title='bbox 2151 2508 2459 2564; x_wconf 83' lang='lat' dir='ltr'><strong>adversante</strong></span> 
     </span>
     <span class='ocr_line' id='line_1_53' title="bbox 1436 2586 2463 2658; baseline -0.001 -16"><span class='ocrx_word' id='word_1_311' title='bbox 1436 2588 1597 2642; x_wconf 85' lang='lat' dir='ltr'><strong>etiam</strong></span> <span class='ocrx_word' id='word_1_312' title='bbox 1619 2586 1917 2642; x_wconf 83' lang='lat' dir='ltr'><strong>doctissimo</strong></span> <span class='ocrx_word' id='word_1_313' title='bbox 1938 2586 2140 2658; x_wconf 77' lang='lat' dir='ltr'><strong>Gierig,</strong></span> <span class='ocrx_word' id='word_1_314' title='bbox 2159 2589 2325 2643; x_wconf 79' lang='lat' dir='ltr'><strong>nostri</strong></span> <span class='ocrx_word' id='word_1_315' title='bbox 2348 2588 2463 2642; x_wconf 88' lang='lat' dir='ltr'><strong>Co·-</strong></span> 
     </span>
     <span class='ocr_line' id='line_1_54' title="bbox 1437 2663 2460 2735; baseline 0.001 -17"><span class='ocrx_word' id='word_1_316' title='bbox 1437 2663 1563 2719; x_wconf 88' lang='lat' dir='ltr'><strong>dicis</strong></span> <span class='ocrx_word' id='word_1_317' title='bbox 1585 2670 1855 2719; x_wconf 76' lang='lat' dir='ltr'><strong>rediturum</strong></span> <span class='ocrx_word' id='word_1_318' title='bbox 1877 2665 2217 2735; x_wconf 66' lang='lat' dir='ltr'><strong>pretulerim.</strong></span> <span class='ocrx_word' id='word_1_319' title='bbox 2254 2668 2354 2719; x_wconf 76' lang='lat' dir='ltr'><strong>Ed.</strong></span> <span class='ocrx_word' id='word_1_320' title='bbox 2393 2696 2460 2708; x_wconf 91' lang='lat'>—</span> 
     </span>
     <span class='ocr_line' id='line_1_55' title="bbox 1438 2743 2464 2816; baseline 0.002 -18"><span class='ocrx_word' id='word_1_321' title='bbox 1438 2746 1713 2816; x_wconf 52' lang='lat' dir='ltr'><strong>Sisyphus,</strong></span> <span class='ocrx_word' id='word_1_322' title='bbox 1754 2764 1846 2798; x_wconf 84' lang='lat' dir='ltr'><strong>rex</strong></span> <span class='ocrx_word' id='word_1_323' title='bbox 1881 2743 2159 2811; x_wconf 83' lang='lat' dir='ltr'><strong>Corinthi,</strong></span> <span class='ocrx_word' id='word_1_324' title='bbox 2189 2746 2375 2799; x_wconf 84' lang='lat' dir='ltr'><strong>astutia</strong></span> <span class='ocrx_word' id='word_1_325' title='bbox 2409 2758 2464 2800; x_wconf 88' lang='lat' dir='ltr'><strong>et</strong></span> 
     </span>
     <span class='ocr_line' id='line_1_56' title="bbox 1435 2822 1975 2891; baseline -0.007 -12"><span class='ocrx_word' id='word_1_326' title='bbox 1435 2822 1722 2879; x_wconf 78' lang='lat' dir='ltr'><strong>latrociniis</strong></span> <span class='ocrx_word' id='word_1_327' title='bbox 1742 2822 1975 2891; x_wconf 80' lang='lat' dir='ltr'><strong>insignis.</strong></span> 
     </span>
    </p>

    <p class='ocr_par' dir='ltr' id='par_1_13' title="bbox 1437 2900 2462 3282">
     <span class='ocr_line' id='line_1_57' title="bbox 1504 2900 2460 2969; baseline 0.001 -14"><span class='ocrx_word' id='word_1_328' title='bbox 1504 2903 1620 2969; x_wconf 81' lang='lat'><strong>460.</strong></span> <span class='ocrx_word' id='word_1_329' title='bbox 1656 2904 1835 2963; x_wconf 74' lang='lat' dir='ltr'><strong>Ixion,</strong></span> <span class='ocrx_word' id='word_1_330' title='bbox 1874 2920 1966 2953; x_wconf 84' lang='lat' dir='ltr'><strong>rex</strong></span> <span class='ocrx_word' id='word_1_331' title='bbox 1990 2900 2286 2955; x_wconf 64' lang='lat' dir='ltr'><strong>Thessalia.</strong></span> <span class='ocrx_word' id='word_1_332' title='bbox 2307 2928 2376 2941; x_wconf 90' lang='lat'><strong>—</strong></span> <span class='ocrx_word' id='word_1_333' title='bbox 2396 2904 2460 2956; x_wconf 83' lang='lat' dir='ltr'><strong>Se</strong></span> 
     </span>
     <span class='ocr_line' id='line_1_58' title="bbox 1437 2978 2462 3050; baseline 0.001 -17"><span class='ocrx_word' id='word_1_334' title='bbox 1437 2978 1901 3049; x_wconf 57' lang='lat' dir='ltr'><strong>uquam-fugitque</strong></span> <span class='ocrx_word' id='word_1_335' title='bbox 1924 2989 2105 3048; x_wconf 81' lang='lat' dir='ltr'><strong>argute</strong></span> <span class='ocrx_word' id='word_1_336' title='bbox 2139 2978 2205 3031; x_wconf 90' lang='lat' dir='ltr'><strong>de</strong></span> <span class='ocrx_word' id='word_1_337' title='bbox 2239 2998 2305 3032; x_wconf 90' lang='lat' dir='ltr'><strong>eo</strong></span> <span class='ocrx_word' id='word_1_338' title='bbox 2318 3018 2332 3044; x_wconf 90' lang='lat'>‚</span> <span class='ocrx_word' id='word_1_339' title='bbox 2370 2981 2462 3050; x_wconf 86' lang='lat' dir='ltr'><strong>qui</strong></span> 
     </span>
     <span class='ocr_line' id='line_1_59' title="bbox 1441 3055 2461 3126; baseline -0.001 -15"><span class='ocrx_word' id='word_1_340' title='bbox 1441 3057 1507 3111; x_wconf 90' lang='lat' dir='ltr'><strong>ad</strong></span> <span class='ocrx_word' id='word_1_341' title='bbox 1534 3068 1709 3111; x_wconf 86' lang='lat' dir='ltr'><strong>rotam</strong></span> <span class='ocrx_word' id='word_1_342' title='bbox 1734 3055 1967 3126; x_wconf 78' lang='lat' dir='ltr'><strong>alligatus</strong></span> <span class='ocrx_word' id='word_1_343' title='bbox 1987 3055 2188 3110; x_wconf 80' lang='lat' dir='ltr'><strong>assidue</strong></span> <span class='ocrx_word' id='word_1_344' title='bbox 2218 3056 2461 3111; x_wconf 77' lang='lat' dir='ltr'><strong>volvitur.</strong></span> 
     </span>
     <span class='ocr_line' id='line_1_60' title="bbox 1442 3132 2460 3208; baseline -0.002 -19"><span class='ocrx_word' id='word_1_345' title='bbox 1442 3134 1698 3190; x_wconf 87' lang='lat' dir='ltr'><strong>Similiter</strong></span> <span class='ocrx_word' id='word_1_346' title='bbox 1711 3133 1778 3187; x_wconf 89' lang='lat' dir='ltr'><strong>ib.</strong></span> <span class='ocrx_word' id='word_1_347' title='bbox 1806 3137 1898 3203; x_wconf 84' lang='lat'><strong>¹75</strong></span> <span class='ocrx_word' id='word_1_348' title='bbox 1917 3172 1932 3199; x_wconf 88' lang='lat'><strong>,</strong></span> <span class='ocrx_word' id='word_1_349' title='bbox 1953 3144 2135 3204; x_wconf 79' lang='lat' dir='ltr'><strong>argute</strong></span> <span class='ocrx_word' id='word_1_350' title='bbox 2152 3132 2218 3187; x_wconf 88' lang='lat' dir='ltr'><strong>de</strong></span> <span class='ocrx_word' id='word_1_351' title='bbox 2236 3134 2460 3208; x_wconf 84' lang='lat' dir='ltr'><strong>Sisypho</strong></span> 
     </span>
     <span class='ocr_line' id='line_1_61' title="bbox 1439 3216 2245 3282; baseline -0.002 -14"><span class='ocrx_word' id='word_1_352' title='bbox 1439 3234 1622 3268; x_wconf 70' lang='lat' dir='ltr'><strong>satum</strong></span> <span class='ocrx_word' id='word_1_353' title='bbox 1647 3216 1946 3282; x_wconf 62' lang='lat' dir='ltr'><strong>volvensque</strong></span> <span class='ocrx_word' id='word_1_354' title='bbox 1957 3220 2245 3282; x_wconf 78' lang='lat' dir='ltr'><strong>petensque.</strong></span> 
     </span>
    </p>

    <p class='ocr_par' dir='ltr' id='par_1_14' title="bbox 1439 3292 2466 3897">
     <span class='ocr_line' id='line_1_62' title="bbox 1507 3292 2465 3362; baseline 0 -16"><span class='ocrx_word' id='word_1_355' title='bbox 1507 3292 1622 3360; x_wconf 76' lang='lat'><strong>462.</strong></span> <span class='ocrx_word' id='word_1_356' title='bbox 1645 3292 1886 3360; x_wconf 77' lang='lat' dir='ltr'><strong>Bepclere</strong></span> <span class='ocrx_word' id='word_1_357' title='bbox 1906 3310 2051 3345; x_wconf 88' lang='lat' dir='ltr'><strong>nunc</strong></span> <span class='ocrx_word' id='word_1_358' title='bbox 2074 3302 2153 3345; x_wconf 85' lang='lat' dir='ltr'><strong>est</strong></span> <span class='ocrx_word' id='word_1_359' title='bbox 2168 3333 2183 3360; x_wconf 88' lang='lat'><strong>,</strong></span> <span class='ocrx_word' id='word_1_360' title='bbox 2212 3311 2348 3362; x_wconf 72' lang='lat' dir='ltr'><strong>soepe</strong></span> <span class='ocrx_word' id='word_1_361' title='bbox 2372 3312 2465 3361; x_wconf 89' lang='lat' dir='ltr'><strong>pe-</strong></span> 
     </span>
     <span class='ocr_line' id='line_1_63' title="bbox 1439 3369 2462 3440; baseline -0.003 -13"><span class='ocrx_word' id='word_1_362' title='bbox 1439 3382 1554 3427; x_wconf 81' lang='lat' dir='ltr'><strong>tere</strong></span> <span class='ocrx_word' id='word_1_363' title='bbox 1572 3410 1587 3436; x_wconf 88' lang='lat'>‚</span> <span class='ocrx_word' id='word_1_364' title='bbox 1616 3370 1759 3440; x_wconf 88' lang='lat' dir='ltr'><strong>quod</strong></span> <span class='ocrx_word' id='word_1_365' title='bbox 1784 3370 1963 3424; x_wconf 86' lang='lat' dir='ltr'><strong>docuit</strong></span> <span class='ocrx_word' id='word_1_366' title='bbox 1983 3369 2222 3424; x_wconf 81' lang='lat' dir='ltr'><strong>Gronov.</strong></span> <span class='ocrx_word' id='word_1_367' title='bbox 2259 3369 2322 3422; x_wconf 86' lang='lat' dir='ltr'><strong>ad</strong></span> <span class='ocrx_word' id='word_1_368' title='bbox 2350 3371 2462 3424; x_wconf 88' lang='lat' dir='ltr'><strong>Se·-</strong></span> 
     </span>
     <span class='ocr_line' id='line_1_64' title="bbox 1440 3445 2463 3517; baseline -0.002 -15"><span class='ocrx_word' id='word_1_369' title='bbox 1440 3467 1556 3502; x_wconf 84' lang='lat' dir='ltr'><strong>nec.</strong></span> <span class='ocrx_word' id='word_1_370' title='bbox 1575 3447 1704 3501; x_wconf 62' lang='lat' dir='ltr'><strong>OEd,</strong></span> <span class='ocrx_word' id='word_1_371' title='bbox 1727 3448 1786 3501; x_wconf 79' lang='lat'><strong>61</strong></span> <span class='ocrx_word' id='word_1_372' title='bbox 1811 3488 1828 3514; x_wconf 93' lang='lat'><strong>,</strong></span> <span class='ocrx_word' id='word_1_373' title='bbox 1852 3458 1907 3501; x_wconf 81' lang='lat' dir='ltr'><strong>et</strong></span> <span class='ocrx_word' id='word_1_374' title='bbox 1923 3445 1987 3501; x_wconf 86' lang='lat' dir='ltr'><strong>ad</strong></span> <span class='ocrx_word' id='word_1_375' title='bbox 2013 3447 2173 3502; x_wconf 89' lang='lat' dir='ltr'><strong>Herc.</strong></span> <span class='ocrx_word' id='word_1_376' title='bbox 2197 3447 2322 3500; x_wconf 87' lang='lat' dir='ltr'><strong>Fur.</strong></span> <span class='ocrx_word' id='word_1_377' title='bbox 2350 3467 2463 3517; x_wconf 88' lang='lat'><strong>77⁰·</strong></span> 
     </span>
     <span class='ocr_line' id='line_1_65' title="bbox 1441 3524 2464 3595; baseline 0 -15"><span class='ocrx_word' id='word_1_378' title='bbox 1441 3554 1509 3567; x_wconf 91' lang='lat'><strong>——</strong></span> <span class='ocrx_word' id='word_1_379' title='bbox 1529 3528 1740 3580; x_wconf 78' lang='lat' dir='ltr'><strong>Belides</strong></span> <span class='ocrx_word' id='word_1_380' title='bbox 1753 3566 1768 3588; x_wconf 89' lang='lat'><strong>,</strong></span> <span class='ocrx_word' id='word_1_381' title='bbox 1794 3526 2175 3595; x_wconf 79' lang='lat' dir='ltr'><strong>quinquaginta</strong></span> <span class='ocrx_word' id='word_1_382' title='bbox 2192 3524 2314 3578; x_wconf 77' lang='lat' dir='ltr'><strong>filiae</strong></span> <span class='ocrx_word' id='word_1_383' title='bbox 2339 3526 2464 3580; x_wconf 86' lang='lat' dir='ltr'><strong>Da-</strong></span> 
     </span>
     <span class='ocr_line' id='line_1_66' title="bbox 1441 3602 2466 3674; baseline -0.001 -16"><span class='ocrx_word' id='word_1_384' title='bbox 1441 3605 1558 3665; x_wconf 87' lang='lat' dir='ltr'><strong>nai,</strong></span> <span class='ocrx_word' id='word_1_385' title='bbox 1585 3614 1771 3674; x_wconf 85' lang='lat' dir='ltr'><strong>neptes</strong></span> <span class='ocrx_word' id='word_1_386' title='bbox 1802 3602 1934 3656; x_wconf 88' lang='lat' dir='ltr'><strong>Beli.</strong></span> <span class='ocrx_word' id='word_1_387' title='bbox 1957 3603 2131 3658; x_wconf 88' lang='lat' dir='ltr'><strong>Danai</strong></span> <span class='ocrx_word' id='word_1_388' title='bbox 2162 3605 2326 3658; x_wconf 82' lang='lat' dir='ltr'><strong>frater</strong></span> <span class='ocrx_word' id='word_1_389' title='bbox 2365 3607 2466 3659; x_wconf 86' lang='lat' dir='ltr'><strong>suit</strong></span> 
     </span>
     <span class='ocr_line' id='line_1_67' title="bbox 1442 3680 2461 3754; baseline 0.001 -19"><span class='ocrx_word' id='word_1_390' title='bbox 1442 3682 1706 3754; x_wconf 78' lang='lat' dir='ltr'><strong>AEgyptus</strong></span> <span class='ocrx_word' id='word_1_391' title='bbox 1719 3718 1735 3747; x_wconf 88' lang='lat'><strong>,</strong></span> <span class='ocrx_word' id='word_1_392' title='bbox 1753 3681 1843 3749; x_wconf 91' lang='lat' dir='ltr'><strong>qui</strong></span> <span class='ocrx_word' id='word_1_393' title='bbox 1861 3680 2083 3735; x_wconf 81' lang='lat' dir='ltr'><strong>totidem</strong></span> <span class='ocrx_word' id='word_1_394' title='bbox 2100 3680 2282 3735; x_wconf 87' lang='lat' dir='ltr'><strong>habuit</strong></span> <span class='ocrx_word' id='word_1_395' title='bbox 2297 3681 2431 3736; x_wconf 86' lang='lat' dir='ltr'><strong>filios</strong></span> <span class='ocrx_word' id='word_1_396' title='bbox 2447 3722 2461 3751; x_wconf 93' lang='lat'><strong>,</strong></span> 
     </span>
     <span class='ocr_line' id='line_1_68' title="bbox 1444 3760 2465 3833; baseline 0 -18"><span class='ocrx_word' id='word_1_397' title='bbox 1444 3781 1577 3833; x_wconf 83' lang='lat' dir='ltr'><strong>qnos</strong></span> <span class='ocrx_word' id='word_1_398' title='bbox 1609 3760 1954 3815; x_wconf 84' lang='lat' dir='ltr'><strong>matrimonio</strong></span> <span class='ocrx_word' id='word_1_399' title='bbox 1980 3761 2076 3815; x_wconf 83' lang='lat' dir='ltr'><strong>sihi</strong></span> <span class='ocrx_word' id='word_1_400' title='bbox 2110 3763 2321 3831; x_wconf 79' lang='lat' dir='ltr'><strong>junctos</strong></span> <span class='ocrx_word' id='word_1_401' title='bbox 2354 3774 2465 3816; x_wconf 88' lang='lat' dir='ltr'><strong>tru-</strong></span> 
     </span>
     <span class='ocr_line' id='line_1_69' title="bbox 1444 3839 1937 3897; baseline -0.01 0"><span class='ocrx_word' id='word_1_402' title='bbox 1444 3841 1689 3897; x_wconf 81' lang='lat' dir='ltr'><strong>cidarunt</strong></span> <span class='ocrx_word' id='word_1_403' title='bbox 1711 3839 1937 3893; x_wconf 87' lang='lat' dir='ltr'><strong>Belides.</strong></span> 
     </span>
    </p>

    <p class='ocr_par' dir='ltr' id='par_1_15' title="bbox 1434 3918 2479 4381">
     <span class='ocr_line' id='line_1_70' title="bbox 1510 3918 2470 3984; baseline 0.002 -13"><span class='ocrx_word' id='word_1_404' title='bbox 1510 3918 1624 3984; x_wconf 73' lang='grc'><strong>464.</strong></span> <span class='ocrx_word' id='word_1_405' title='bbox 1661 3920 1801 3971; x_wconf 80' lang='lat' dir='ltr'><strong>Ante</strong></span> <span class='ocrx_word' id='word_1_406' title='bbox 1823 3936 1995 3970; x_wconf 72' lang='lat' dir='ltr'><strong>onnes</strong></span> <span class='ocrx_word' id='word_1_407' title='bbox 2027 3921 2243 3981; x_wconf 74' lang='lat' dir='ltr'><strong>Ixiona,</strong></span> <span class='ocrx_word' id='word_1_408' title='bbox 2272 3937 2398 3971; x_wconf 84' lang='lat' dir='ltr'><strong>nam</strong></span> <span class='ocrx_word' id='word_1_409' title='bbox 2430 3920 2470 3974; x_wconf 81' lang='lat' dir='ltr'><strong>is</strong></span> 
     </span>
     <span class='ocr_line' id='line_1_71' title="bbox 1446 3995 2466 4061; baseline 0 -11"><span class='ocrx_word' id='word_1_410' title='bbox 1446 3996 1654 4050; x_wconf 85' lang='lat' dir='ltr'><strong>Junoni</strong></span> <span class='ocrx_word' id='word_1_411' title='bbox 1689 3995 1799 4047; x_wconf 76' lang='lat' dir='ltr'><strong>vim</strong></span> <span class='ocrx_word' id='word_1_412' title='bbox 1837 3995 2032 4049; x_wconf 78' lang='lat' dir='ltr'><strong>inferre</strong></span> <span class='ocrx_word' id='word_1_413' title='bbox 2071 3996 2345 4061; x_wconf 54' lang='lat' dir='ltr'><strong>volueram</strong></span> <span class='ocrx_word' id='word_1_414' title='bbox 2380 3997 2466 4051; x_wconf 86' lang='lat' dir='ltr'><strong>illa</strong></span> 
     </span>
     <span class='ocr_line' id='line_1_72' title="bbox 1446 4072 2467 4144; baseline 0.002 -18"><span class='ocrx_word' id='word_1_415' title='bbox 1446 4093 1575 4128; x_wconf 77' lang='lat' dir='ltr'><strong>vero</strong></span> <span class='ocrx_word' id='word_1_416' title='bbox 1618 4072 1821 4126; x_wconf 88' lang='lat' dir='ltr'><strong>nubem</strong></span> <span class='ocrx_word' id='word_1_417' title='bbox 1864 4074 1914 4127; x_wconf 87' lang='lat' dir='ltr'><strong>ei</strong></span> <span class='ocrx_word' id='word_1_418' title='bbox 1961 4075 2153 4143; x_wconf 82' lang='lat' dir='ltr'><strong>objecit</strong></span> <span class='ocrx_word' id='word_1_419' title='bbox 2177 4115 2192 4139; x_wconf 81' lang='grc'><strong>,</strong></span> <span class='ocrx_word' id='word_1_420' title='bbox 2240 4094 2467 4144; x_wconf 85' lang='lat' dir='ltr'><strong>quacum</strong></span> 
     </span>
     <span class='ocr_line' id='line_1_73' title="bbox 1447 4152 2474 4223; baseline 0 -15"><span class='ocrx_word' id='word_1_421' title='bbox 1447 4154 1585 4208; x_wconf 86' lang='lat' dir='ltr'><strong>coiit.</strong></span> <span class='ocrx_word' id='word_1_422' title='bbox 1603 4152 1750 4206; x_wconf 87' lang='lat' dir='ltr'><strong>Hinc</strong></span> <span class='ocrx_word' id='word_1_423' title='bbox 1762 4152 1996 4223; x_wconf 79' lang='lat' dir='ltr'><strong>intellige</strong></span> <span class='ocrx_word' id='word_1_424' title='bbox 2012 4192 2026 4218; x_wconf 89' lang='lat'>‚</span> <span class='ocrx_word' id='word_1_425' title='bbox 2054 4155 2134 4208; x_wconf 85' lang='lat' dir='ltr'><strong>lx</strong></span> <span class='ocrx_word' id='word_1_426' title='bbox 2154 4193 2169 4220; x_wconf 87' lang='lat'><strong>,</strong></span> <span class='ocrx_word' id='word_1_427' title='bbox 2201 4156 2309 4208; x_wconf 83' lang='lat'><strong>123.</strong></span> <span class='ocrx_word' id='word_1_428' title='bbox 2330 4181 2399 4196; x_wconf 90' lang='lat'><strong>·-</strong></span> <span class='ocrx_word' id='word_1_429' title='bbox 2420 4157 2474 4208; x_wconf 83' lang='lat' dir='ltr'><em>E</em></span> 
     </span>
     <span class='ocr_line' id='line_1_74' title="bbox 1434 4227 2475 4296; baseline 0.002 -15"><span class='ocrx_word' id='word_1_430' title='bbox 1434 4227 1721 4296; x_wconf 69' lang='lat' dir='ltr'><strong>fratribus,</strong></span> <span class='ocrx_word' id='word_1_431' title='bbox 1752 4248 1881 4282; x_wconf 84' lang='lat' dir='ltr'><strong>nam</strong></span> <span class='ocrx_word' id='word_1_432' title='bbox 1908 4230 2163 4284; x_wconf 85' lang='lat' dir='ltr'><strong>Athamas</strong></span> <span class='ocrx_word' id='word_1_433' title='bbox 2187 4232 2351 4285; x_wconf 79' lang='lat' dir='ltr'><strong>frater</strong></span> <span class='ocrx_word' id='word_1_434' title='bbox 2376 4231 2475 4284; x_wconf 88' lang='lat' dir='ltr'><strong>Si-</strong></span> 
     </span>
     <span class='ocr_line' id='line_1_75' title="bbox 1450 4307 2479 4381; baseline -0.002 -19"><span class='ocrx_word' id='word_1_435' title='bbox 1450 4307 1604 4381; x_wconf 80' lang='lat' dir='ltr'><strong>syphi</strong></span> <span class='ocrx_word' id='word_1_436' title='bbox 1618 4319 1748 4368; x_wconf 76' lang='lat' dir='ltr'><strong>erat·</strong></span> <span class='ocrx_word' id='word_1_437' title='bbox 1760 4309 2100 4379; x_wconf 73' lang='lat' dir='ltr'><strong>-Snperbum</strong></span> <span class='ocrx_word' id='word_1_438' title='bbox 2112 4351 2131 4379; x_wconf 82' lang='lat'><strong>,</strong></span> <span class='ocrx_word' id='word_1_439' title='bbox 2160 4309 2479 4375; x_wconf 76' lang='lat' dir='ltr'><strong>insolentem</strong></span> 
     </span>
    </p>
   </div>
  </div>
 </body>
</html>
