3217 5134
582 564 1640 635 METAMORPHOSEON
1684 569 1874 648 LIB.
1925 570 2064 639 VI.

2263 570 2399 667 439

261 707 452 782 Heu!
491 723 812 806 quantum
846 705 987 779 haec
1021 703 1243 779 Niobe
1276 704 1502 779 Niobe
1539 703 1829 780 distabat
1861 706 1946 782 ab
1983 707 2094 783 illa
2120 765 2138 796 ,

262 823 433 918 Quae
467 821 672 895 modo
704 822 935 895 Latois
966 820 1297 923 populum
1323 821 1754 897 submoverat
1786 823 1917 897 aris
1940 878 1960 912 ‚

261 940 356 1012 Et
389 938 671 1012 mediam
706 937 950 1013 tulerat
969 966 1247 1035 gressus
1277 938 1591 1040 resupina
1625 965 1750 1039 per
1770 938 2005 1014 urbem
2027 994 2048 1028 ‚

2301 963 2397 1032 275

264 1053 603 1127 Invidiosa
639 1052 810 1141 suis;
850 1071 919 1126 at
951 1080 1134 1128 nnnc
1169 1053 1540 1129 miseranda
1571 1052 1676 1129 vel
1707 1053 1891 1129 hosti
1913 1110 1934 1142 ‚

268 1169 692 1271 Corporibus
727 1169 963 1266 gelidis
995 1171 1367 1260 incumbit3
1401 1188 1469 1246 et
1499 1169 1732 1245 ordine
1762 1168 1952 1245 nullo

267 1286 521 1361 Oscula
558 1286 899 1388 dispensat
929 1304 1126 1362 natos
1161 1316 1467 1389 suprema
1500 1316 1623 1389 per
1654 1313 1906 1362 omnes.

263 1404 328 1478 A
361 1403 611 1504 quibus
643 1404 727 1479 ad
762 1403 992 1478 caelum
1022 1404 1290 1479 liventia
1317 1400 1589 1479 brachia
1622 1403 1900 1479 tendens
1923 1458 1944 1491 ‚

267 1555 301 1585 «
349 1522 623 1595 Pascere
644 1577 662 1608 ,
701 1521 1022 1609 crudelis,
1060 1539 1332 1611 nostro,
1376 1524 1672 1609 Latona,
1713 1520 1977 1610 dolore,

2307 1544 2406 1597 280

266 1670 302 1702 »
349 1637 660 1737 [Pascere
681 1694 700 1723 ‚
736 1638 862 1728 ait,
900 1638 1198 1739 satiaque
1231 1664 1382 1712 meo
1420 1654 1532 1712 tua
1559 1657 1833 1738 pectora
1867 1636 2140 1736 luctu‚]

264 1786 303 1818 »
346 1754 610 1855 Corque
644 1752 859 1827 ferum
894 1753 1097 1842 satia,
1137 1752 1344 1839 dixit:
1373 1781 1497 1855 per
1528 1753 1762 1828 funera
1800 1771 2053 1854 septem

267 1904 304 1936 »
343 1870 609 1945 Efferor
642 1901 659 1944 ε
690 1870 982 1959 exsulta,
1016 1871 1386 1972 victrixque
1420 1871 1685 1944 inimica
1718 1868 2071 1971 triumpha.

266 2021 305 2053 »
347 1987 485 2061 Cur
516 2006 733 2062 autem
768 1988 1054 2061 victrix?
1081 1986 1336 2060 miserae
1367 1986 1532 2059 mihi
1564 1985 1759 2087 plura
1791 2003 2152 2088 supersunt
2182 2040 2200 2073 ‚

270 2136 308 2169 2>
350 2105 572 2202 Quam
614 2103 745 2181 tibi
770 2102 944 2176 felici
974 2133 992 2175 ε
1020 2118 1182 2203 post
1209 2118 1313 2174 tot
1346 2130 1614 2205 quoque
1641 2103 1871 2177 funera
1907 2103 2121 2178 vinco.
2160 2137 2195 2169 »
2301 2125 2399 2179 285

213 2204 225 2216 ⁹
264 2221 584 2296 Dixerat:
612 2220 917 2293 insonuit
940 2235 1257 2293 contento
1287 2246 1531 2293 nervus
1559 2219 1645 2293 ab
1683 2248 1869 2308 arcu;

330 2400 444 2469 273.
467 2402 598 2454 Haec
612 2401 772 2453 Niobe
785 2440 800 2463 ,
834 2398 980 2469 quasi
995 2396 1093 2452 alia
1113 2408 1246 2452 esset
1258 2415 1281 2464 ,⁰

260 2476 479 2533 AEneid.
515 2479 570 2533 11
591 2517 606 2546 ,
637 2481 764 2547 274,
799 2486 1035 2547 quantam
1057 2484 1281 2531 mutatus

256 2562 327 2612 ab
349 2559 443 2610 mo
463 2558 693 2610 Hectore.
708 2557 961 2627 Magnam
977 2566 1155 2610 autem
1170 2557 1278 2610 vim

257 2635 419 2690 habet
458 2633 689 2703 pristine
712 2645 766 2689 et
799 2636 1068 2705 presentis
1111 2636 1279 2689 sortu-

257 2733 342 2768 ιιι
364 2713 698 2784 comparatio.
721 2713 962 2769 Pristinoe
976 2713 1278 2784 repetenda

254 2790 585 2845 immoratur.
619 2819 686 2832 -
719 2793 993 2860 Resupina.
1034 2791 1170 2845 Vide
1208 2790 1274 2844 ad

252 2886 469 2924 versum
497 2870 603 2942 169.
627 2896 692 2911 -—
714 2871 1001 2935 Inutile'osa:
1029 2889 1195 2939 quum
1216 2870 1272 2922 in

251 2966 461 3003 summa
482 2959 660 3002 nostra
685 2948 927 3001 felicitate
964 2949 1122 3002 etiam
1147 2967 1275 3002 nos-

252 3028 321 3081 tri
345 3026 516 3080 dicere
531 3026 732 3081 soleant
749 3066 764 3092 ,
788 3025 1008 3080 Invideo
1024 3026 1116 3081 tibi
1138 3025 1274 3080 hanc

251 3114 467 3157 sortem.
492 3132 561 3145 -—
580 3106 980 3171 Despeasanlur,
1026 3120 1141 3172 quoe
1178 3122 1274 3172 per

254 3195 428 3253 partes
451 3203 510 3237 ac
531 3183 666 3236 vices
687 3181 852 3248 fiunt,
876 3200 987 3234 non
1016 3199 1126 3234 uno
1147 3200 1270 3235 mo-

256 3272 460 3318 mento,
503 3263 691 3316 Horat.
716 3262 744 3316 1
762 3302 778 3329 ‚
828 3259 935 3315 od.
971 3276 1139 3315 xxxvl
1159 3300 1174 3329 ,
1200 3260 1234 3314 6
1252 3301 1268 3330 ,

254 3344 476 3396 dae'vz’dere
489 3344 680 3394 oscula.

326 3418 579 3472 280-282.
610 3419 851 3481 Poscere,
890 3426 987 3471 etc.
1021 3415 1273 3472 Heinsius

254 3498 462 3551 censuit
517 3494 811 3550 tollendum
872 3514 1084 3550 versum
1138 3496 1233 3551 282
1252 3534 1268 3562 ,

253 3594 419 3645 quem
438 3575 727 3630 commenti
759 3574 893 3641 sint,
924 3573 1013 3644 qui
1043 3590 1151 3626 non
1174 3572 1271 3625 in-

254 3652 550 3709 tellexerint
561 3695 576 3721 ,
598 3662 855 3724 quantum
871 3662 1003 3707 esset
1018 3649 1271 3705 acuminis

248 3732 306 3786 in
326 3730 415 3785 illo
430 3772 446 3800 ,
469 3732 713 3801 Efflror,·
741 3740 834 3785 aut
852 3770 868 3797 ‚
892 3729 933 3783 si
960 3729 1075 3800 quis
1094 3729 1267 3797 malit,

247 3828 400 3881 posse
423 3808 809 3880 precedentem
831 3806 1009 3862 deleri.
1024 3808 1132 3863 Pro
1153 3826 1271 3878 pos·

247 3887 447 3941 tes-iore
477 3886 562 3940 alii
583 3907 596 3940 :
621 3890 759 3941 Daue
765 3906 894 3955 pars
910 3886 1260 3955 nostrajaecet,

244 3974 300 4021 e!
320 3968 438 4019 dum
452 3965 742 4035 pet-sunem
761 3972 947 4033 sepiem
962 4006 975 4029 ,
1003 3965 1269 4020 autetiam

244 4055 537 4113 utrumque
548 4062 670 4096 cum
686 4043 856 4113 aliqua
870 4042 1118 4097 varietate
1132 4042 1269 4097 exhi-

246 4122 396 4177 bent.
426 4119 670 4191 Capol'er.
685 4128 896 4190 pectora
917 4130 1087 4177 mutat
1109 4121 1163 4175 in
1185 4120 1270 4175 Iu-

250 4206 394 4254 m‘aeae
429 4210 485 4254 et
522 4201 660 4254 dm?
694 4198 750 4254 in
788 4204 912 4255 wls-i.
952 4200 1062 4255 Pro
1100 4201 1271 4254 dolore

252 4278 597 4333 Burmannus
618 4317 632 4345 ,
662 4294 786 4333 cum
812 4298 923 4333 uno
946 4277 1189 4333 Leidensi
1213 4288 1268 4334 et

258 4356 534 4425 Mediceo‚
562 4357 767 4427 mallet,
796 4376 990 4424 cruore,
1026 4357 1147 4429 quia
1170 4376 1267 4415 se·-

1380 2397 1561 2467 quitur
1582 2400 1735 2452 luctu.
1754 2398 1902 2452 —In
1918 2397 2095 2454 codice
2121 2398 2289 2469 Regio
2311 2400 2358 2454 A
2380 2440 2394 2466 ,

1374 2476 1461 2531 hic
1483 2492 1663 2535 versus
1687 2478 1783 2531 282
1814 2478 2004 2548 legitur
2025 2480 2138 2533 sine
2163 2479 2272 2532 ullo
2297 2480 2394 2533 in—

1374 2554 1625 2618 tervallo;
1666 2555 1722 2608 in
1747 2554 1923 2609 codice
1953 2556 1999 2608 B
2021 2594 2037 2622 ‚
2081 2554 2146 2609 ad
2187 2556 2395 2626 margi-

1371 2651 1498 2686 nem
1515 2670 1530 2699 ,
1580 2652 1609 2685 a
1655 2631 1882 2686 secunda
1920 2652 2083 2687 manu
2125 2635 2394 2688 restitutus

1371 2721 1475 2776 est;
1506 2720 1559 2764 et
1603 2710 1734 2764 mihi
1770 2711 2127 2781 garrulitatem
2161 2710 2396 2765 ovidia-

1371 2807 1497 2841 nam
1520 2806 1701 2858 sapere
1724 2788 1958 2843 videtur..
1977 2787 2141 2856 Quod
2166 2787 2232 2840 ad
2250 2808 2388 2854 pec-

1371 2873 1482 2919 tom
1496 2906 1510 2929 ,
1543 2877 1597 2920 et
1619 2866 1684 2919 ad
1708 2870 1845 2919 dite?
1866 2876 1920 2919 et
1943 2870 2136 2927 dolore,
2169 2864 2394 2921 Codices

1371 2946 1538 2999 nostri
1561 2944 1693 2999 nihil
1717 2956 1945 2999 mutant.
1973 2944 2389 3000 Ede-Certum

1369 3032 1447 3076 est
1467 3063 1481 3089 ,
1516 3041 1628 3076 non
1667 3042 1812 3092 posse
1849 3033 2134 3093 utrumque
2179 3042 2389 3095 versum

1368 3102 1609 3163 Poscere,
1656 3105 1764 3161 all.
1793 3109 1845 3155 et
1878 3103 2064 3171 Coe-qne
2083 3112 2180 3155 etc.
2205 3102 2395 3172 genui-

1370 3198 1501 3233 num
1518 3200 1642 3247 esse.
1662 3180 1913 3236 Heinsius
1933 3181 2280 3252 posteriorem
2296 3200 2391 3234 un-

1366 3258 1436 3313 cis
1463 3259 1701 3327 inclusit,
1732 3280 1830 3330 ego
1857 3261 2088 3331 priorem
2109 3300 2125 3328 ‚
2153 3260 2273 3331 quia
2300 3260 2389 3314 ille

1272 3366 1279 3375 -
1367 3340 1631 3410 acerbior,
1667 3350 1721 3394 et
1745 3342 1865 3411 quia
1888 3340 2074 3410 esfivmr
2090 3341 2282 3413 (sensu
2305 3342 2395 3393 su·-

1368 3417 1519 3472 nebri
1536 3415 1562 3488 )
1580 3459 1595 3485 ,
1622 3419 1999 3489 perspicuitatis
2023 3438 2205 3484 causa,
2230 3418 2387 3472 verba

1357 3496 1647 3565 perfuncta
1656 3505 1843 3567 septem
1856 3496 2097 3569 postulat.
2117 3494 2386 3550 Ceterum

1353 3580 1517 3643 pasci
1536 3586 1590 3629 et
1610 3574 1783 3645 strum
1820 3574 1891 3628 sic
1928 3573 2202 3642 conjunxit
2225 3572 2384 3628 etiam

1371 3651 1644 3709 Claudian.
1663 3650 1824 3708 xxll
1848 3692 1863 3719 ,
1894 3654 1983 3719 14,
2013 3648 2101 3704 ubi
2120 3644 2236 3705 Dea
2254 3651 2386 3706 Cle·-

1365 3731 1565 3785 mentia
1586 3731 1739 3784 docet
1756 3769 1771 3798 ,
1794 3732 2026 3798 ulpaenls
2037 3728 2287 3783 bominum
2303 3734 2393 3783 vel
2453 3744 2457 3748 *

1363 3815 1609 3879 sangnine
1614 3813 1777 3878 pasci
1789 3810 1952 3876 Turpe
1951 3808 2218 3877 fletumque
2223 3816 2391 3877 pules.

1365 3914 1431 3927 —
1472 3889 1794 3956 Vel-lteltque:
1840 3886 1947 3939 voti
1986 3904 2200 3955 compos
2223 3905 2236 3939 ε
2263 3885 2388 3941 hinc

1366 3973 1544 4017 autem
1570 3963 1727 4018 stulta
1748 3962 1943 4017 Niobes
1961 3962 2203 4032 superbia
2226 3962 2382 4016 colli-

1365 4042 1523 4113 gitur,
1534 4063 1652 4113 qua
1666 4062 1734 4097 ne
1754 4040 1984 4099 filiorum
2001 4041 2216 4112 quidem
2236 4061 2384 4096 mor-

1365 4126 1416 4173 te
1442 4120 1496 4173 in
1522 4116 1665 4175 Deos
1704 4120 1980 4176 maledicta
2013 4122 2206 4191 jactare
2235 4120 2384 4176 desi-

1361 4209 1471 4252 nat.
1497 4200 1596 4252 Ed.

1427 4277 1540 4331 286.
1563 4278 1732 4331 Arcus
1744 4317 1759 4342 ,
1779 4296 1974 4349 nempe
1989 4277 2205 4346 Diana,
2225 4295 2254 4330 a
2276 4292 2379 4346 qua

1362 4356 1492 4414 filias
1506 4358 1557 4414 in
1566 4358 1804 4416 tersettas
1822 4378 1930 4417 esse
1950 4357 2122 4415 ceteri
2136 4367 2372 4414 auctores
