3217 5134
580 540 1647 613 METAMORPHOSEON
1699 545 1901 615 LIB.
1957 546 2093 615 IV.

2263 509 2432 642 317·

270 683 502 780 Quum
535 681 784 756 frustra
811 700 1130 757 resonant
1159 711 1285 757 aera
1320 682 1658 757 auxiliaria
1680 739 1699 773 ,
1734 685 1959 759 Lunae.

269 793 582 870 Poscenti
616 796 940 896 Nymphae
972 797 1114 872 sine
1144 797 1276 871 fine
1309 798 1566 873 sororia
1597 797 1830 873 saltem

271 907 561 997 Oscula,
591 909 857 1009 jamque
889 938 1124 984 manus
1157 911 1241 985 ad
1272 913 1563 987 eburnea
1597 912 1769 988 colla
1797 913 2034 989 ferenti
2054 968 2073 1005 ‚

2294 941 2391 994 335

273 1058 310 1092 «
352 1025 598 1099 Desine
620 1080 640 1113 ‚
677 1023 781 1099 vel
810 1025 997 1121 fugio
1021 1083 1040 1115 ‚
1081 1043 1427 1129 tecumque
1449 1083 1468 1115 ‚
1505 1028 1632 1117 ait,
1668 1028 1796 1103 ista
1829 1027 2156 1131 relinquo.
2196 1063 2235 1098 »

269 1139 584 1215 Salmacis
616 1141 948 1231 extimuit,
993 1174 1028 1207 «
1063 1144 1373 1244 Locaque
1407 1143 1545 1217 haec
1582 1143 1708 1217 tibi
1744 1143 1953 1219 libera
1980 1145 2170 1220 trado
2192 1203 2212 1238 ,

273 1288 310 1322 »
351 1258 651 1357 Hospes,
686 1290 721 1321 »
759 1256 886 1346 ait3
925 1254 1321 1359 simulatque
1357 1258 1566 1354 gradu
1602 1258 1935 1334 discedere
1967 1290 2177 1337 verso.

265 1374 442 1446 Tum
480 1402 750 1473 quoque
782 1373 1140 1474 respiciens
1157 1429 1177 1464 ,
1213 1374 1659 1476 fruticumque
1692 1374 2033 1451 recondita
2066 1376 2229 1453 silva

265 1486 590 1576 Delituit;
627 1488 998 1588 flexumque
1036 1517 1209 1584 genu
1241 1490 1597 1565 submisit:
1626 1508 1694 1566 at
1727 1490 1871 1580 ille,

2294 1515 2395 1584 340

266 1608 369 1680 Ut
398 1633 598 1707 puer,
632 1622 699 1679 et
728 1606 951 1679 vacuis
982 1623 1062 1679 ut
1094 1607 1556 1715 inobservatus
1591 1609 1665 1681 in
1691 1608 1958 1697 herbi3‚

267 1723 424 1797 Huc
456 1721 548 1810 it;
588 1739 653 1794 et
682 1721 840 1795 hinc
874 1720 1066 1810 illuc;
1101 1741 1168 1797 et
1196 1723 1266 1797 in
1302 1722 1778 1798 adludentibus
1812 1725 2010 1799 undis

266 1847 542 1920 Summa
571 1844 816 1948 pedum
838 1901 857 1936 ,
892 1845 1159 1947 taloque
1192 1864 1384 1923 tenus
1417 1848 1696 1944 vestigia
1730 1849 1994 1946 tinguit.

264 1971 407 2042 Nec
438 1996 652 2057 mora,
690 1969 1002 2068 temperie
1035 1966 1429 2042 blandarum
1465 1987 1699 2070 captus
1733 1999 2086 2070 aquarum,

265 2089 512 2165 Mollia
544 2091 625 2165 de
659 2107 885 2165 tenero
919 2088 1239 2163 velamina
1271 2118 1552 2192 corpore
1583 2091 1797 2191 ponit.

2292 2116 2394 2187 34⁵

264 2214 446 2287 Tum
481 2241 639 2287 vero
674 2211 1063 2311 obstupuit3
1098 2210 1423 2312 nudaeque
1456 2210 1769 2313 cupidine
1800 2210 2024 2287 formae

265 2453 438 2506 quum
461 2438 684 2489 candida
698 2437 782 2502 sit,
801 2445 1039 2506 tempore
1053 2436 1285 2492 desectus

264 2517 515 2577 manca,-
532 2513 620 2583 qui
633 2514 797 2568 Luna
811 2515 975 2568 rubor
988 2515 1145 2569 etiam
1158 2516 1281 2572 Am.

271 2592 328 2646 11
349 2632 365 2659 ,
390 2608 463 2659 v,
499 2591 560 2660 37
585 2630 600 2659 ,
637 2592 1013 2662 comparationi
1051 2593 1282 2648 inservit.

268 2671 588 2725 Persuasum
604 2682 781 2726 autem
794 2682 904 2726 erat
915 2673 1282 2743 superstitiosa

263 2746 596 2801 multitudini
614 2789 630 2817 ,
655 2749 743 2803 tali
760 2761 995 2820 tempore
1012 2750 1283 2805 Thessalas

266 2826 529 2883 veneficas
559 2827 613 2882 id
646 2848 797 2900 agere
822 2870 837 2897 ,
873 2841 932 2884 ut
965 2832 1282 2885 carminibus

268 2904 590 2959 suisLunam
606 2906 672 2961 de
688 2907 813 2960 celo
834 2907 1120 2975 deducant,
1139 2908 1281 2961 illam

269 3001 397 3036 vero
418 2982 652 3037 laborare
667 3024 683 3051 ‚
708 2985 743 3039 i.
767 3004 813 3038 e.
837 2997 1021 3039 contra
1036 2986 1134 3038 niti
1149 3025 1164 3052 ,
1181 3004 1284 3055 pu-

269 3080 434 3131 gnare
451 3101 466 3128 ,
491 3058 851 3133 laborantique
876 3062 1118 3117 homines
1135 3081 1282 3131 posse

268 3158 574 3194 succurrere
601 3181 617 3208 ‚
662 3152 718 3193 et
756 3144 1006 3194 auximan·
1023 3150 1284 3194 concentu

265 3217 595 3287 strepituque
639 3223 784 3284 ante,
820 3217 872 3270 h.
908 3239 953 3271 e.
996 3218 1238 3271 tubarum
1265 3255 1280 3282 ,

268 3314 534 3349 cornuum
547 3307 599 3349 et
617 3295 1089 3350 tintinnabulorum
1107 3315 1285 3350 cneo-

269 3392 409 3429 rum.
434 3373 545 3427 Liv.
569 3373 755 3430 XXVI
778 3414 794 3441 ‚
820 3376 885 3435 52
912 3373 1096 3428 Senec.
1124 3374 1283 3444 Hipp.

269 3471 405 3505 vers.
433 3452 527 3521 785
549 3469 660 3519 sqq.
685 3450 820 3515 wid.
848 3449 1022 3505 Cerda
1046 3450 1112 3503 ad
1139 3450 1284 3522 Virg.

271 3528 386 3583 Ed.
415 3528 554 3581 VIII
571 3569 586 3595 ‚
611 3529 692 3600 69.
716 3528 822 3583 Sed
844 3528 953 3583 hec
975 3529 1127 3582 tertia
1144 3528 1287 3582 simi-

268 3605 441 3660 litudo
464 3607 619 3675 paulo
643 3606 794 3679 altius
813 3608 1032 3678 repetita
1055 3617 1134 3660 est
1149 3647 1165 3676 ,
1187 3626 1287 3662 nec

270 3684 507 3754 jucunda
533 3684 836 3740 admodum.

336 3764 452 3831 334.
477 3764 680 3818 Sor-oria
691 3768 868 3819 oscula
880 3765 1036 3819 etiam
1056 3766 1154 3833 lx,
1174 3765 1285 3819 538.

272 3840 392 3910 Ipse
417 3840 660 3912 explicat,
686 3841 741 3896 11
758 3882 774 3909 ,
800 3843 911 3909 431.
928 3842 1131 3897 -Jam
1159 3842 1286 3896 olim

269 3918 530 3973 edebatur
561 3923 773 3974 Desimlr
794 3926 898 3973 aul.
936 3919 1078 3973 Hinc
1101 3921 1288 3975 Hein-

269 3998 376 4051 sius
392 4016 518 4052 cum
532 3998 841 4054 Florentino
855 3999 909 4053 S.
931 3998 1099 4053 Marci
1111 4039 1126 4066 ,
1146 4000 1289 4053 Nea-

270 4076 535 4145 politano,
562 4076 734 4147 primo
762 4078 1018 4130 Vaticano
1042 4087 1096 4129 et
1119 4075 1288 4145 quin-

269 4175 374 4225 que
389 4156 504 4211 aliis
517 4159 739 4212 mutavit
758 4157 914 4210 autin
936 4176 1097 4209 an.—
1112 4155 1289 4209 Nostri

273 4234 520 4304 Codices,
535 4241 726 4291 desim&
736 4243 839 4290 aul.
858 4236 926 4289 Et
938 4236 1170 4289 revocavi
1184 4235 1291 4288 lec-

270 4313 478 4372 tionem
504 4316 719 4379 Bese’ae,
743 4318 829 4371 vel
828 4314 1011 4385 sugim-
1031 4314 1116 4369 cui
1141 4313 1292 4371 Nau-

1380 2438 1552 2510 gerius
1599 2438 1905 2507 praeferebat
1951 2457 2110 2508 quam
2153 2441 2393 2494 referunt

1377 2517 1545 2571 nostri
1573 2515 1811 2571 Codices.
1833 2516 2014 2587 Gierig
2040 2515 2280 2571 admisit:
2300 2521 2399 2571 de-

1375 2598 1486 2647 sine
1504 2591 1790 2663 autsug'io,·
1814 2608 1939 2647 nam
1957 2632 1972 2659 ,
1998 2593 2166 2647 aiebat
2185 2632 2200 2660 ‚
2224 2594 2394 2647 inter-

1376 2671 1578 2740 rogatio
1599 2673 1791 2723 dest'm‘s
1810 2674 1840 2725 P
1864 2689 1932 2723 an
1949 2669 2102 2739 fugio
2115 2674 2145 2727 P
2175 2671 2391 2724 incom-

1378 2747 1536 2801 moda
1551 2748 1674 2802 satis
1688 2757 1766 2802 est
1783 2757 2056 2801 :ceterum
2079 2746 2164 2800 hic
2180 2766 2390 2816 quoque

1377 2826 1677 2896 simplicitas
1711 2826 1860 2896 pueri
1892 2827 2027 2880 bene
2060 2835 2271 2889 notata;
2298 2826 2394 2880 sed

1378 2925 1440 2958 ea
1466 2915 1733 2974 nequeant
1757 2924 1967 2958 versum
1989 2906 2062 2958 ita
2086 2904 2393 2960 claudican-

1379 2993 1489 3037 tem
1513 3003 1770 3036 excusare.
1793 2985 1894 3038 Ed.

1445 3061 1558 3126 340.
1570 3062 1871 3127 Metumque
1877 3079 2019 3127 genu.
2039 3058 2260 3113 Codices
2272 3079 2390 3114 nos·

1379 3136 1447 3191 tri
1461 3176 1476 3205 ,
1489 3139 1719 3205 flexoque
1725 3156 1870 3204 genu.
1886 3165 1954 3177 —
1963 3138 2255 3192 Subw’tleoe
2262 3158 2392 3207 genu

1379 3217 1444 3270 de
1463 3217 1839 3287 procumbente
1859 3218 1911 3270 in
1934 3236 2072 3287 genu
2089 3257 2104 3284 ,
2131 3218 2386 3287 quemad-

1378 3293 1601 3348 modum
1609 3298 1893 3347 submittere
1902 3297 2038 3347 Ialus
2051 3293 2117 3348 de
2131 3295 2263 3347 bove
2275 3314 2390 3363 pro-

1379 3371 1690 3438 cumbente,
1716 3370 1849 3425 libro
1886 3371 1969 3424 Ill
1987 3410 2003 3439 ,
2029 3372 2107 3424 23.
2140 3371 2391 3426 Absolute

1381 3450 1566 3522 virgil.
1604 3451 1817 3504 AEneid.
1857 3450 1973 3517 111,
2016 3451 2082 3523 93
2111 3469 2125 3503 ε
2149 3452 2401 3504 Submissi

1371 3536 1590 3597 petimus
1614 3537 1807 3583 tetram.

1447 3609 1560 3675 341.
1608 3610 1685 3659 m
1705 3607 1964 3659 rationem
1986 3604 2192 3672 reddit,
2218 3616 2278 3659 ut
2303 3607 2395 3676 qui

1370 3706 1502 3756 puer
1520 3695 1654 3739 esset
1676 3725 1693 3752 ,
1729 3704 1901 3754 neque
1939 3685 2071 3739 adeo
2105 3685 2233 3739 ullas
2254 3685 2392 3739 insi-

1383 3767 1492 3821 dias
1516 3776 1792 3820 metueret.
1820 3794 1886 3808 ·-
1908 3768 1984 3818 Et
1994 3771 2185 3819 Μαί-τ.
2217 3767 2395 3820 Nostri

1388 3843 1608 3899 Codices
1631 3844 1826 3898 habent
1847 3850 1906 3896 nt
1927 3849 2135 3908 vacuis-,-
2162 3862 2276 3913 que
2294 3864 2392 3898 re·-

1383 3923 1566 3993 petitio
1603 3941 1728 3976 sane
1766 3921 1956 3975 insulsa
2002 3932 2156 3990 atque
2193 3922 2394 3991 ingrata

1384 4004 1490 4056 visa
1505 4013 1581 4056 est
1597 4001 1834 4055 Heinsio.
1848 4004 1945 4055 Ed.
1965 4028 2032 4042 —··
2053 4005 2231 4055 Vacua
2252 4000 2361 4055 loca
2374 4040 2392 4069 ,

1384 4100 1495 4135 non
1540 4080 1737 4134 consita
1779 4080 2010 4134 arbustis.
2055 4080 2143 4133 Sic
2179 4099 2393 4133 vacuum

1383 4176 1578 4219 arvum,
1630 4157 1653 4209 1
1673 4195 1689 4224 ,
1714 4157 1825 4209 533.
1849 4155 1956 4209 Sed
1980 4156 2032 4211 h.
2050 4156 2080 4211 l.
2106 4159 2275 4225 potius
2294 4176 2394 4211 so·-

1385 4235 1614 4288 litarium
1636 4245 1844 4305 pratum
1868 4222 2090 4305 intellig.
2119 4236 2206 4289 ubi
2231 4255 2394 4289 nemo

1385 4322 1492 4383 est,
1518 4312 1610 4384 qui
1632 4332 1756 4370 eum
1780 4313 2035 4375 observet.
2070 4343 2136 4360 -·-
2163 4316 2395 4370 laobser-
