3217 5134
762 531 855 617 64

1322 534 1401 601 P.
1466 486 1829 605 ov1n11
1879 535 2348 606 NASONIS

762 671 1122 747 Fluctibus
1159 671 1412 768 ignotis
1445 672 1848 751 insultavere
1873 675 2149 764 carinae3

766 799 1560 899 Communemque-prius
1579 855 1600 887 ‚
1639 828 1762 874 ceu
1795 798 2049 875 lumina
2074 799 2256 876 Solis
2283 819 2352 876 et
2379 830 2572 877 auras
2590 820 2619 893 ‚'

2817 826 2910 879 135

766 923 1021 997 Cautus
1055 921 1335 996 humum
1368 920 1579 1016 longo
1619 923 1910 1018 signavit
1935 920 2146 998 limite
2176 952 2468 999 mensor.

764 1046 906 1120 Nec
940 1062 1202 1120 tantum
1237 1062 1495 1140 segetes
1528 1043 1973 1147 alimentaque
2006 1044 2231 1120 debita
2267 1047 2448 1121 dives
2513 1072 2532 1087 ·

764 1170 1181 1245 Poscebatur
1208 1170 1454 1245 humus
1484 1198 1502 1259 ;
1537 1168 1656 1244 sed
1690 1170 1859 1244 itum
1894 1188 1996 1246 est
2030 1171 2101 1244 in
2133 1173 2386 1247 viscera
2416 1189 2646 1261 terrae;

833 1385 941 1451 ¹34·
951 1385 1165 1452 Ignolis.
1177 1382 1429 1453 Optimus
1436 1382 1636 1439 Medic.
1649 1389 1791 1453 igna-

761 1468 865 1525 ris,
894 1480 1001 1533 quo
1023 1480 1135 1513 voc.
1161 1461 1410 1514 Tacitum
1431 1480 1566 1530 saepe
1592 1462 1669 1515 uti
1693 1482 1790 1533 pro

762 1547 963 1607 &nolus
1001 1548 1189 1592 monet
1233 1538 1421 1592 Heius.
1464 1538 1572 1593 Sed
1621 1539 1791 1593 Taciti

761 1617 1014 1672 idiotismi
1045 1634 1155 1670 non
1186 1615 1253 1668 ad
1279 1616 1539 1671 Ovidium
1555 1617 1790 1671 transse-

764 1696 934 1750 rendi.
971 1723 1040 1738 ·-
1077 1697 1387 1749 Insultavere
1429 1697 1744 1750 contemtim
1771 1736 1787 1764 ,

764 1775 1079 1828 insultavere
1121 1783 1375 1844 tanquam
1397 1775 1596 1844 oequori
1618 1775 1755 1828 victo
1774 1795 1790 1840 ς

764 1875 826 1908 ex
838 1855 1015 1925 inepta
1033 1854 1229 1909 scilicet
1240 1855 1505 1908 Veterum
1517 1855 1789 1926 opinione,

769 1935 915 2006 quasi
928 1936 1207 1990 insolentia
1219 1936 1285 1990 sit
1302 1938 1568 2007 navigare.
1590 1938 1791 1992 Xerxes

765 2021 914 2085 aquis
926 2018 1183 2068 tnsullans
1198 2025 1277 2068 est
1293 2015 1431 2085 apud
1448 2015 1616 2070 Lucre
1623 2026 1656 2070 t.
1677 2017 1761 2070 111
1774 2056 1790 2083 ,

772 2096 914 2160 1045.
941 2093 1130 2148 Horat.
1160 2093 1186 2146 I
1207 2133 1223 2160 ,
1248 2091 1356 2147 Od.
1372 2110 1441 2147 111
1460 2132 1476 2161 ,
1503 2097 1597 2161 24:
1620 2096 1791 2162 Imptioe

765 2194 866 2228 non
889 2177 1145 2242 tangenda
1164 2181 1301 2227 mles
1323 2178 1622 2227 transiliunt
1639 2177 1790 2227 vada.

769 2252 943 2306 Tibul.
969 2253 1026 2319 1,
1053 2267 1124 2304 111
1140 2291 1156 2319 ‚
1182 2252 1274 2323 37:
1294 2254 1529 2305 Nondum
1551 2256 1795 2305 ceruleas

757 2334 917 2399 pinus
939 2335 1277 2382 contemsero!
1295 2332 1476 2381 undas.
1515 2326 1795 2382 Claudian.

770 2407 836 2461 R.
859 2407 920 2461 P.
945 2407 1088 2476 praes.
1120 2424 1174 2458 11
1206 2424 1219 2456 t
1242 2414 1403 2457 nauta
1426 2424 1587 2472 vagus
1607 2408 1794 2457 exsul-

770 2487 1057 2551 tatpelago.
1075 2481 1204 2536 Sine
1222 2481 1516 2535 insolentie
1536 2481 1756 2534 notione
1774 2519 1792 2547 ,

773 2582 870 2633 pro
900 2561 1095 2615 insilire
1116 2602 1132 2627 ‚
1160 2563 1406 2614 insultam
1436 2560 1629 2631 legitur
1656 2560 1793 2631 apud

775 2641 939 2695 Tacit.
969 2639 1074 2693 An.
1102 2638 1161 2691 11
1175 2679 1190 2706 ‚
1217 2639 1248 2691 8
1262 2658 1274 2691 :
1288 2641 1488 2692 Batavi
1503 2641 1622 2692 dum
1640 2641 1797 2692 insul·

771 2727 888 2773 lant
903 2724 1052 2788 aque?
1067 2760 1080 2782 ,
1114 2725 1366 2787 artemque
1383 2721 1603 2770 natandi
1615 2726 1796 2772 oslen-

772 2806 900 2851 lant.
925 2795 1032 2851 Sed
1058 2807 1255 2867 quanta
1278 2795 1558 2850 commoda
1582 2796 1796 2851 redun-

774 2874 1016 2928 daverint
1040 2873 1105 2928 ad
1138 2893 1303 2943 genus
1326 2873 1624 2927 humanum
1647 2894 1675 2927 e
1696 2892 1799 2926 na-

777 2954 1036 3025 vigatione
1069 2954 1284 3008 inventa
1321 2965 1372 3008 et
1399 2954 1600 3009 exculta
1620 2995 1636 3021 ‚
1676 2954 1797 3008 satis

775 3042 968 3085 notum
1007 3041 1100 3085 est.
1142 3032 1213 3085 Et
1252 3043 1464 3086 tantum
1510 3033 1654 3086 abest
1672 3073 1688 3099 ‚
1737 3042 1798 3085 ut

775 3109 924 3163 Deus
965 3104 1186 3163 Oceano
1233 3111 1512 3180 interjecto
1557 3111 1797 3180 gentium

775 3185 1217 3241 consuetudinem
1251 3187 1507 3258 impedire
1533 3187 1757 3240 voluerit
1778 3226 1794 3254 ‚

777 3275 837 3318 ut
861 3263 944 3317 vel
968 3264 1341 3318 remotissimas
1368 3274 1531 3318 terras
1568 3283 1634 3317 eo
1671 3283 1798 3318 arc—

776 3344 878 3398 tius
901 3342 1249 3410 conjunxerit.
1280 3371 1348 3382 —
1374 3342 1609 3395 Gronov.
1636 3355 1691 3397 et
1714 3343 1798 3397 alii

779 3423 954 3492 plures
977 3425 1302 3474 exsullavere.
1325 3420 1500 3491 AEque
1524 3422 1677 3475 bene.

846 3501 954 3554 135.
984 3502 1322 3554 Communem.
1353 3498 1436 3553 Cf.
1469 3499 1655 3553 Amor.
1680 3501 1762 3555 III
1780 3541 1796 3569 ,

776 3595 880 3632 vm
899 3618 914 3646 ,
944 3578 1150 3645 35-443
1180 3577 1376 3632 Justin.
1403 3577 1624 3644 XLIII,
1654 3596 1675 3631 1
1694 3619 1709 3644 ,
1737 3580 1798 3633 3:

785 3661 971 3711 Omnia
979 3663 1262 3711 communia
1273 3665 1327 3710 et
1338 3660 1559 3711 e‘nde‘vtlra
1571 3662 1802 3711 omnibus

762 3737 980 3804 suerunt
990 3778 1004 3799 ‚
1025 3740 1343 3791 volutianum
1354 3741 1550 3789 cunctis
1551 3742 1803 3801 patrimo-

778 3820 916 3867 ne'um
937 3822 1084 3868 esset.
1111 3812 1194 3867 Cs.
1220 3815 1364 3883 Virg.
1383 3812 1577 3882 Georg.
1601 3814 1626 3865 1
1648 3853 1663 3880 ,
1692 3813 1800 3865 126.

781 3892 1014 3962 Explicat
1036 3892 1269 3945 Lactant.
1293 3891 1420 3945 Inst.
1437 3889 1490 3940 V
1504 3928 1520 3956 ‚
1536 3907 1572 3941 v
1585 3929 1600 3956 ,
1624 3911 1649 3961 7
1668 3892 1767 3943 :sic
1781 3930 1798 3957 ,
1819 3894 1826 3903 “

781 3981 891 4024 tam
933 3970 1170 4025 liberales
1206 3970 1361 4023 suisse
1399 3967 1643 4021 homines
1665 4008 1680 4033 ,
1740 3980 1801 4021 ut

783 4058 930 4102 natm
958 4048 1056 4103 sibi
1088 4049 1265 4118 fruges
1293 4065 1403 4100 non
1436 4045 1797 4114 includerent,

782 4124 873 4177 sed
892 4145 1145 4196 pauperes
1156 4125 1221 4180 ad
1237 4127 1674 4181 communionem
1687 4144 1802 4194 pro-

784 4203 884 4272 prii
907 4203 1260 4260 admitterent.
1285 4233 1354 4247 —-
1377 4207 1479 4259 Ceu
1494 4210 1687 4259 lumina
1704 4215 1801 4259 etc.

786 4280 869 4335 Cf.
898 4280 978 4335 VI
998 4321 1013 4349 ,
1054 4283 1166 4336 350.
1210 4288 1302 4337 Τόν
1337 4292 1458 4348 ἥλων
1483 4289 1555 4340 ro'v
1582 4289 1725 4341 itu-³32«
1748 4294 1803 4339 el:

1886 1389 1964 1440 τὶν
1999 1386 2110 1461 e'u'poe
2142 1388 2217 1440 τὶν
2241 1389 2387 1441 ambs
2413 1384 2543 1438 dixit
2567 1385 2875 1439 Menander
2891 1426 2908 1453 ‚

1887 1484 1936 1533 p.
1968 1464 2059 1529 184
2077 1503 2093 1529 ,
2123 1463 2316 1516 250.—·
2337 1465 2527 1517 Auras.
2549 1463 2726 1534 Vulgo
2747 1485 2909 1530 aure,

1886 1538 2078 1593 scilicet
2104 1547 2238 1593 sunt.

1960 1619 2068 1672 136.
2112 1622 2307 1673 Caulns
2343 1629 2396 1672 et
2435 1629 2593 1689 auget
2639 1621 2912 1675 avaritiam

1885 1696 2170 1750 hominum
2188 1736 2204 1764 ,
2230 1707 2284 1749 et
2305 1694 2630 1767 diligentiam
2654 1702 2914 1754 mensoris

1890 1776 2131 1831 declarat.
2164 1805 2233 1819 —
2255 1779 2431 1846 Longo
2449 1783 2607 1833 limile
2621 1821 2636 1843 ‚
2674 1791 2734 1834 ut
2757 1781 2914 1851 paulo

1890 1866 2011 1909 ante
2031 1896 2046 1922 ,
2076 1860 2244 1924 longaelr
2265 1860 2427 1910 sulcis
2453 1875 2470 1909 .·
2490 1862 2695 1926 signare
2721 1863 2882 1912 limile
2896 1900 2913 1927 ,

1890 1933 2123 1988 dividere
2148 1954 2328 2005 agros,
2363 1933 2532 1988 limite
2551 1976 2566 2001 ,
2593 1936 2728 2006 signi
2758 1937 2876 1991 loco
2896 1978 2913 2005 ,

1887 2012 1941 2065 in
1950 2024 2028 2066 ter
2041 2032 2131 2066 eos
2146 2013 2342 2066 relicte.
2359 2013 2574 2067 Pretivit
2598 2012 2747 2084 Virg.
2766 2015 2819 2069 d.
2846 2014 2877 2069 l.
2899 2035 2912 2069 :

1887 2109 1981 2144 nec
1999 2096 2202 2159 sz’gnare
2226 2095 2421 2160 quidem
2446 2099 2542 2145 au!
2551 2097 2917 2160 partarilzhnite

1886 2190 2117 2237 campum
2146 2172 2250 2221 Fas
2273 2177 2397 2222 erat.
2425 2170 2660 2224 Variavit
2681 2170 2783 2226 hoc
2804 2172 2916 2226 Se·-

1887 2266 2002 2301 nec.
2028 2246 2190 2316 Hipp.
2217 2245 2330 2300 526.

1960 2325 2067 2395 137.
2091 2327 2251 2377 Diues
2269 2327 2465 2389 humus,
2483 2333 2706 2401 zaram
2731 2331 2917 2404 {ponpa-

1889 2404 2084 2456 Debila
2114 2422 2224 2456 non
2250 2414 2372 2458 sunt
2393 2444 2407 2471 ,
2436 2416 2495 2461 ut
2521 2405 2746 2460 Lenzius
2768 2408 2880 2461 vult
2899 2449 2916 2476 ,

1891 2483 1957 2535 ad
1981 2483 2143 2536 vitam
2170 2484 2568 2539 sustentandam
2590 2488 2880 2541 necessaria
2899 2528 2915 2555 ‚

1890 2560 1980 2613 sed
1997 2600 2011 2627 ,
2040 2560 2359 2632 elegantiore
2380 2582 2537 2615 sensu
2554 2602 2570 2631 ‚
2600 2583 2716 2633 quae
2743 2575 2914 2630 terra,

1890 2640 1974 2693 cui
2012 2640 2212 2693 semina
2232 2680 2246 2708 ,
2287 2651 2543 2709 tanquam
2575 2639 2873 2711 depositum
2899 2684 2916 2711 ,

1892 2715 2185 2772 creduntur
2206 2759 2221 2785 ‚
2247 2718 2552 2772 hominibus
2575 2718 2749 2773 debet.

1964 2794 2072 2846 138.
2103 2798 2235 2847 Ilum
2258 2802 2337 2847 cst
2367 2805 2464 2848 etc.
2503 2796 2760 2866 Neapolit.
2779 2835 2795 2864 ‚
2820 2817 2924 2865 per

1892 2877 2091 2925 vescera
2106 2913 2119 2933 ‚
2174 2871 2317 2942 quod
2357 2872 2716 2943 respuendum
2737 2914 2752 2942 ,
2794 2875 2918 2944 quia

1893 2951 2220 3021 profunditas
2252 2952 2451 3023 magis,
2495 2973 2654 3022 quam
2692 2953 2919 3008 latitudo

1894 3028 2394 3085 metallisodinarum
2413 3070 2427 3098 ,
2459 3030 2544 3085 hic
2579 3034 2826 3103 tangitur.
2847 3062 2920 3074 —

1893 3113 1976 3163 Ire
2001 3117 2058 3163 1‘n
2088 3115 2283 3164 viscera
2301 3153 2316 3175 ,
2346 3119 2607 3179 penetrate
2635 3119 2689 3165 ln
2720 3119 2921 3167 nus-cera

1893 3196 2034 3242 terre
2051 3229 2064 3249 ‚
2105 3193 2302 3241 viscera
2335 3190 2446 3256 ejus
2469 3190 2728 3243 ira-trahem
2753 3192 2918 3246 etiam

1895 3285 1976 3336 ap.
2003 3266 2140 3320 Plin.
2166 3266 2237 3319 H.
2263 3267 2330 3320 N.
2359 3267 2458 3334 33,
2491 3288 2510 3319 ι
2540 3289 2578 3321 s.
2609 3289 2626 3320 ι
2654 3307 2670 3334 ,
2698 3268 2787 3335 II,
2817 3270 2916 3337 63,

1895 3344 1987 3396 ubi
2009 3362 2189 3413 graves
2210 3343 2275 3397 de
2294 3344 2390 3398 hac
2408 3364 2464 3398 re
2487 3346 2723 3415 querelas
2740 3346 2918 3402 habes.

1897 3419 2083 3473 Senec-
2109 3419 2294 3473 Octav.
2318 3442 2450 3475 vers.
2481 3424 2579 3489 416
2596 3443 2607 3475 :
2626 3424 2732 3476 Sed
2742 3429 2798 3476 in
2812 3445 2922 3492 pa-

1893 3502 2050 3550 rentis
2085 3503 2282 3551 viscera
2307 3504 2517 3553 intravi!
2545 3521 2651 3553 sua·
2683 3503 2926 3556 Deterior

1895 3584 2058 3641 elam
2079 3578 2403 3647 erue'lserrutn
2424 3581 2590 3633 Grave
2603 3622 2615 3641 ,
2631 3600 2922 3650 aurumque.

1893 3658 2148 3728 —Sly‘ge'zlc
2160 3662 2361 3724 umbrtlr,
2380 3679 2524 3725 orec,
2545 3661 2598 3713 in
2616 3680 2722 3730 quo
2735 3666 2923 3715 umbra·

1896 3754 1991 3789 seu
2006 3754 2187 3789 manes
2205 3735 2269 3789 ad
2287 3737 2525 3810 Stygiam
2543 3738 2791 3808 paludem
2808 3760 2923 3793 ver-

1897 3824 2093 3866 santur.
2106 3814 2262 3867 Hanc
2279 3814 2499 3869 Veteres
2514 3817 2568 3869 in
2586 3815 2762 3870 media
2779 3828 2924 3871 terra

1902 3895 2171 3963 ponebant
2191 3916 2204 3958 ;
2233 3895 2472 3965 intelligit
2494 3915 2620 3966 ergo
2640 3916 2765 3967 opes
2783 3898 2925 3952 altis-

1899 3970 2030 4023 sime
2059 3971 2296 4025 latentes.
2321 3972 2460 4025 Satis
2485 3973 2654 4043 lepide
2681 3974 2820 4028 Plin.
2847 3976 2926 4028 II.

1900 4050 1969 4104 N.
1998 4050 2053 4104 11
2076 4092 2090 4117 ,
2117 4052 2182 4104 63
2202 4092 2216 4119 ,
2247 4052 2335 4105 ubi
2371 4052 2436 4105 de
2463 4053 2559 4107 hac
2581 4054 2772 4108 eadem
2797 4074 2924 4108 ava-

1900 4130 2017 4183 ritia
2037 4133 2300 4200 queritur,
2325 4133 2695 4196 Siulle'essent‚
2717 4134 2891 4204 inquit
2906 4175 2922 4201 ,

1898 4207 2071 4276 infieri,
2085 4209 2205 4277 jam
2217 4210 2446 4277 pmfieclo
2459 4215 2581 4263 illos
2597 4219 2825 4265 avaritae
2841 4220 2922 4265 at-

1900 4307 1991 4357 que
2009 4291 2218 4377 luxuria·
2239 4294 2471 4346 cumbulc’
2481 4289 2792 4358 ersodtlrsenl.
