3217 5134
773 538 855 608 72
1321 517 1402 584 P.
1469 516 1823 588 ov1n11
1871 513 2324 590 NASONIS

775 686 813 719 »
844 655 1264 754 Tempestate
1299 654 1428 744 fui,
1469 686 1600 758 qua
1634 676 1899 732 centum
1934 658 2219 760 quisque
2254 660 2582 760 parabant

775 810 813 844 »
848 779 1120 878 Injicere
1152 779 1599 882 anguipedum
1635 783 1896 883 captivo
1932 783 2207 858 brachia
2230 784 2412 858 caelo.

778 935 818 969 >³
848 905 1019 979 Nam
1035 960 1054 990 ‚
1079 934 1457 1007 quanquam
1479 906 1660 981 ferus
1680 906 1898 981 hostis
1917 927 2086 997 erat,
2114 926 2331 984 tamen
2350 908 2520 983 illud
2539 909 2624 982 ab
2642 935 2780 982 uno
2806 929 2902 986 185

776 1059 815 1093 »
849 1029 1145 1129 Corpore
1164 1085 1183 1115 ‚
1223 1047 1401 1116 etex
1436 1058 1570 1105 una
1598 1030 1935 1131 pendebat
1967 1032 2226 1127 origine
2258 1030 2531 1106 bellum.

777 1182 814 1217 >›
847 1152 1040 1225 Nunc
1071 1151 1270 1239 mihi,
1308 1180 1439 1252 qua
1474 1169 1692 1227 totum
1729 1156 1982 1228 Nereus
2017 1156 2458 1230 circumtonat
2490 1153 2722 1229 orbem
2744 1210 2763 1244 ,

777 1308 815 1341 ³)
846 1275 1267 1354 Perdendum
1302 1277 1580 1352 mortale
1619 1306 1826 1374 genus
1864 1308 1879 1352 ε
1917 1307 2039 1381 per
2066 1279 2337 1354 flumina
2364 1281 2518 1381 juro

778 1430 817 1466 ³»
849 1399 1101 1490 Infera,
1131 1401 1258 1475 sub
1297 1417 1503 1476 terras
1538 1403 1772 1503 Stygio
1813 1402 2107 1480 labentia
2137 1403 2323 1494 luco,

770 1622 905 1675 laste
936 1622 1222 1690 maiestatis
1258 1622 1463 1679 divine.
1501 1624 1581 1680 Ut
1614 1636 1793 1680 autem

769 1699 858 1754 ille
872 1710 1089 1753 conatus
1100 1700 1293 1768 justam
1306 1702 1629 1757 ministraret
1641 1722 1794 1758 men-

772 1796 950 1832 suram
971 1816 986 1843 ,
1012 1778 1321 1847 gravissimis
1344 1799 1470 1833 eum
1495 1782 1664 1835 verbis
1686 1781 1793 1836 de-

774 1856 967 1909 scribit.
1008 1881 1074 1896 ·—
1107 1857 1336 1910 Anxium
1365 1858 1512 1911 ilium
1553 1859 1795 1913 animum

773 1943 1157 1987 commemorat
1182 1934 1344 1988 etiam
1367 1935 1500 1990 Hor.
1527 1936 1609 1990 111
1630 1976 1646 2003 ‚
1686 1935 1794 1991 od.

774 2026 855 2075 IV,
871 2011 938 2081 49
950 2029 962 2063 :
976 2020 1150 2063 turma
1161 2009 1451 2082 Gigantum
1465 2033 1695 2081 magnum
1704 2021 1796 2067 ler-

772 2107 928 2141 mrem
945 2093 1188 2143 :intulerat
1202 2132 1214 2150 ‚
1224 2093 1401 2160 fidens
1419 2095 1652 2145 brachiis.
1676 2093 1794 2146 Ita-

774 2184 878 2235 que
902 2178 957 2220 et
984 2167 1066 2220 hir.
1099 2169 1236 2221 form
1244 2170 1327 2222 ula
1351 2173 1561 2223 brachia
1590 2170 1799 2239 tbje'ceaee

664 2241 668 2245 ’
773 2264 896 2299 cum
912 2245 1115 2299 deiectu
1130 2246 1373 2301 adhibita.

848 2323 954 2376 183.
971 2351 1038 2364 —
1057 2328 1172 2390 Qua
1193 2333 1434 2378 centum...
1461 2328 1673 2379 brachia
1696 2336 1795 2380 etc.

779 2400 1014 2455 Centum
1049 2421 1249 2456 manus.
1291 2402 1452 2460 Unde
1489 2414 1543 2456 et
1565 2405 1798 2475 gigantes

774 2484 1091 2533 cenle'mania
1107 2489 1322 2532 rentum
1346 2480 1590 2534 manibus
1613 2499 1798 2533 vocan-

774 2565 880 2609 tur.
908 2555 1157 2610 Aliudere
1195 2568 1374 2611 autem
1400 2569 1553 2628 poeta
1590 2558 1802 2612 videtur

779 2633 844 2687 ad
863 2633 1141 2688 Briareum
1159 2635 1423 2705 gigantem
1439 2646 1492 2690 et
1510 2634 1730 2689 Cottum
1746 2646 1803 2690 et

775 2711 967 2783 Gygen
985 2713 1118 2766 iilius
1135 2715 1318 2767 fratres
1330 2753 1345 2779 ,
1363 2733 1492 2783 quos
1509 2713 1726 2767 Hesiod.
1741 2714 1798 2768 in

777 2790 1091 2862 Theogonia
1115 2791 1345 2860 singulos
1369 2801 1584 2845 centum
1614 2811 1800 2847 manus

774 2866 1012 2923 habuisse
1057 2870 1145 2923 ait.
1191 2872 1290 2922 Ed.
1330 2897 1399 2912 -
1433 2870 1759 2938 Anguipedes
1780 2913 1795 2936 ‚

773 2949 1135 3023 'ffpoexovrh’od‘cg-
1152 2947 1311 3000 Trist.
1333 2948 1432 3014 IV,
1453 2964 1534 3001 vu
1548 2988 1563 3013 ,
1589 2968 1665 3019 17.
1680 2967 1799 3002 ser-

764 3027 1076 3091 penle'pedes.
1096 3053 1163 3064 —
1184 3026 1395 3092 (Σαρῶνα
1409 3065 1423 3086 ,
1451 3023 1592 3094 quod
1613 3043 1800 3094 capere

770 3102 1127 3155 conabantur:
1152 3101 1230 3155 lx
1246 3142 1261 3168 ‚
1286 3103 1407 3169 133,
1432 3110 1583 3171 rapta
1600 3144 1613 3164 ,
1638 3122 1799 3172 quam

776 3179 972 3234 Nessus
993 3200 1174 3250 rapere
1197 3182 1443 3250 parabat:
1469 3182 1604 3236 xm
1626 3221 1641 3248 ,
1671 3184 1798 3251 225,

771 3267 928 3327 capla
961 3262 1148 3329 Troja:
1172 3258 1358 3315 Claud.
1389 3264 1478 3328 28,
1515 3263 1641 3330 243,
1675 3282 1803 3330 cap-

774 3343 882 3392 tim
902 3345 1119 3410 pignora
1134 3381 1146 3403 .
1189 3341 1338 3395 tiberi
1373 3341 1557 3395 inclusi
1589 3353 1643 3396 et
1677 3362 1800 3396 mox

774 3421 987 3474 venturi
1014 3422 1070 3474 in
1094 3420 1325 3475 hostium
1351 3429 1679 3491 potestatem.
1703 3421 1798 3474 ln-

774 3497 902 3568 cipit
923 3504 1089 3568 magis
1110 3505 1299 3552 atesim
1311 3538 1328 3562 ,
1368 3498 1515 3566 sequi
1539 3496 1764 3553 debebat
1778 3537 1794 3567 ,

775 3597 927 3647 quam
961 3596 1131 3638 nunc:
1168 3576 1259 3631 sed
1284 3578 1384 3632 hoc
1411 3578 1572 3631 iratus
1607 3577 1798 3632 omisit.

851 3657 960 3709 185.
995 3659 1150 3710 Ferus
1171 3659 1346 3709 hostis.
1379 3646 1538 3732 Ᾰγριοι
1563 3665 1668 3711 9122
1691 3675 1799 3708 vo-

776 3745 969 3788 rantur
992 3735 1140 3806 gigan
1149 3745 1222 3788 tes
1241 3754 1253 3788 :
1263 3734 1379 3801 seri
1386 3740 1643 3803 gigantes,
1671 3734 1798 3788 Sen-

781 3812 964 3882 OEdip.
985 3832 1067 3886 9⁰·
1084 3840 1152 3852 —
1174 3815 1258 3866 Ab
1286 3833 1385 3866 uuo
1413 3832 1629 3879 corpote.
1667 3811 1800 3867 Erat

775 3911 884 3945 una
902 3891 1089 3946 cohors
1108 3932 1125 3958 ‚
1149 3909 1266 3961 quae
1287 3891 1583 3960 conjunctis
1600 3891 1797 3946 viribus

778 3969 996 4039 Superis
1020 3969 1214 4022 beilum
1239 3969 1511 4022 inserebat.

848 4047 954 4116 187.
974 4048 1168 4099 Circum
1177 4053 1327 4098 ‘onaL
1348 4045 1568 4100 Plurimi
1584 4049 1799 4099 οἰνωθε-

780 4133 967 4188 sona!,·
1010 4125 1150 4195 quod
1179 4136 1231 4179 et
1256 4127 1428 4195 ipsum
1452 4125 1516 4179 de
1545 4125 1679 4180 mari
1705 4123 1799 4178 di—

777 4203 944 4257 citur:
963 4203 1106 4256 Leid.
1137 4204 1296 4257 Paiat.
1321 4204 1523 4258 Bersm.
1539 4243 1555 4270 ,
1580 4222 1800 4257 oceanus

776 4283 1075 4350 circumjhu
1086 4301 1148 4335 ex
1163 4280 1343 4352 glossa.
1356 4307 1424 4324 —
1441 4283 1602 4349 Qua...
1618 4285 1797 4339 orbem.

1892 1623 2076 1694 Quam
2098 1625 2200 1679 late
2221 1623 2468 1679 Oceanus
2489 1634 2687 1678 terram
2709 1624 2904 1690 ambit,

1893 1722 2053 1772 quam
2081 1704 2180 1757 late
2202 1713 2342 1757 terra
2366 1713 2537 1772 patet:
2562 1702 2625 1756 cs.
2651 1700 2907 1755 Heroidd.

1893 1781 1992 1846 lx,
2015 1783 2106 1848 14;
2127 1780 2262 1834 Fast.
2284 1781 2353 1846 V,
2369 1782 2746 1840 ssa-Nemus,
2762 1779 2908 1833 Deus

1889 1855 2144 1925 marinus,
2157 1876 2295 1910 unus
2309 1877 2371 1909 ex
2386 1856 2754 1926 antiquissimis
2768 1876 2781 1910 ε
2795 1856 2907 1910 He·

1889 1933 2018 1988 aiod.
2033 1934 2235 2005 Theog.
2253 1934 2364 1987 233.
2387 1937 2754 1988 Cx‘rcumlonare
2768 1934 2903 1988 bene

1898 2012 1965 2065 de
1980 2011 2201 2083 strepitu
2214 2011 2498 2075 undarurm
2516 2032 2663 2066 mare
2676 2013 2822 2065 enim
2831 2021 2907 2065 est

1894 2095 2224 2160 πολύφὶοισέσν.
2246 2089 2324 2144 Ut
2347 2090 2399 2144 b.
2421 2091 2455 2144 Ι.
2477 2094 2669 2144 Nereus
2684 2095 2906 2143 cebenn-

1889 2176 2076 2222 tonans
2094 2208 2110 2235 ,
2132 2170 2204 2223 sic
2231 2169 2447 2223 Hesiod.
2472 2168 2749 2239 Theogon.
2774 2170 2861 2235 44¹
2889 2206 2905 2235 ,

1892 2250 2121 2378 ἔτεϊ
2143 2246 2904 2399 ,amaseae-:5222-

1931 2362 1946 2376 .
2100 2365 2112 2375 .
2249 2364 2265 2392 ,
2893 2362 2906 2374 .

1968 2404 2072 2457 188.
2086 2404 2273 2457 Unum
2289 2405 2453 2475 Styga
2460 2349 2906 2471 circumloquitur.

1893 2483 2148 2535 labente&
2191 2481 2317 2535 dixit
2335 2521 2350 2548 ,
2390 2483 2510 2551 quia
2537 2486 2652 2535 labi
2675 2482 2909 2535 solemne

1894 2558 1959 2612 de
1994 2558 2164 2612 fluviis
2182 2601 2195 2620 ‚
2236 2578 2542 2628 quanquam
2575 2579 2653 2628 pr.
2683 2558 2909 2613 celerem

1895 2655 2083 2691 eorum
2101 2636 2378 2691 decursum
2392 2637 2667 2707 exprimit,
2686 2637 2777 2708 qui
2799 2654 2909 2690 non

1895 2715 2144 2770 convenit
2157 2715 2304 2787 Stygi
2319 2756 2332 2778 ,
2357 2718 2518 2786 pigrae
2536 2714 2727 2785 paludi.
2739 2716 2913 2769 -Snb

1895 2800 2070 2846 terras.
2108 2794 2267 2847 Forte
2289 2798 2384 2847 sub
2405 2799 2550 2848 lenis
2574 2813 2591 2846 .·
2615 2793 2734 2849 vide
2759 2795 2912 2848 Van·-

1896 2870 2013 2924 le'ct.
2032 2899 2100 2913 —·
2117 2874 2492 2926 Immedicabile
2503 2883 2603 2926 etc.
2623 2872 2766 2926 Talis
2780 2891 2914 2926 sen-

1896 2949 2061 3003 tentia
2080 2949 2504 3020 vimargumenti
2522 2949 2695 3004 habet.
2708 2978 2776 2991 -
2797 2952 2917 3003 Vul-

1896 3048 2005 3092 nus,
2027 3031 2327 3084 membrum
2346 3030 2562 3083 vulnere
2577 3028 2911 3084 morbidum:

1897 3108 2032 3175 XV,
2063 3110 2127 3182 93
2147 3148 2162 3174 ‚
2192 3113 2398 3162 :ulnera
2429 3112 2689 3174 mandere,
2730 3125 2913 3162 earnes
2981 3143 2993 3160 .

1895 3185 2180 3241 bestiarum
2202 3186 2611 3240 vulneratarum.
2631 3212 2700 3225 -
2720 3187 2908 3248 Ense,

1896 3264 2098 3318 serrum
2114 3263 2463 3317 medicorum.
2479 3263 2653 3317 Grave
2678 3261 2781 3316 hoc
2802 3282 2915 3317 voe.

1894 3340 1973 3394 ira
1993 3340 2354 3411 suppeditavit.
2397 3342 2573 3395 Etiam
2599 3341 2764 3395 Rutu.
2791 3342 2912 3395 ltin.

1899 3418 1951 3484 Ι,
1977 3419 2068 3472 311
2090 3459 2105 3485 ‚
2136 3418 2294 3487 dixit,
2320 3431 2541 3474 notante
2578 3421 2763 3474 Burm.
2797 3437 2913 3473 ense

1893 3499 2108 3553 recidere
2119 3500 2322 3550 malum.
2336 3526 2403 3538 —
2414 3500 2621 3551 Stbcera
2634 3538 2649 3555 .
2675 3498 2729 3550 in
2738 3508 2879 3568 tegra
2892 3534 2908 3562 ‚

1894 3585 1957 3629 ut
1970 3574 2097 3640 ΧΠ,
2111 3595 2177 3647 99
2199 3597 2213 3639 ;
2235 3586 2419 3630 contra
2439 3576 2580 3646 Virg.
2598 3574 2793 3645 Georg.
2812 3576 2907 3638 lv,

1896 3654 1992 3720 284
2017 3693 2033 3720 ‚
2080 3672 2227 3707 cruor
2264 3657 2543 3710 &sincerus
2570 3694 2584 3716 ,
2628 3664 2904 3724 corruptus

1895 3730 2189 3800 putredine.
2211 3732 2424 3802 Integra
2445 3741 2627 3788 autem
2645 3749 2764 3801 pars
2786 3741 2911 3784 sunt

1896 3808 2067 3862 Fauni
2093 3818 2145 3861 et
2177 3809 2376 3878 reliqua
2399 3811 2622 3863 numina
2643 3810 2702 3863 in
2733 3809 2911 3874 terris;

1895 3888 2191 3943 humanum
2221 3890 2362 3943 enim
2399 3909 2563 3960 genus
2597 3908 2757 3942 omne
2794 3908 2915 3958 per-

1895 3965 2131 4021 dendum
2154 3981 2280 4022 erat.
2302 3997 2369 4008 —
2390 3971 2655 4031 Trakana,
2683 3987 2713 4021 a
2736 3967 2913 4021 vitiata

1895 4056 2041 4115 parte
2068 4044 2332 4100 inficiatur
2364 4065 2377 4098 ι
2405 4044 2459 4098 11
2484 4085 2498 4111 ,
2523 4045 2635 4101 826.

1966 4125 2071 4198 189.
2099 4126 2199 4178 Sub
2220 4131 2395 4177 tetras.
2425 4124 2574 4177 Leid-
2599 4134 2654 4177 et
2679 4122 2915 4177 Gronov.

1894 4205 1985 4254 sub
2002 4208 2160 4258 lertek.
2181 4202 2405 4273 Ament.
2423 4212 2479 4258 et
2500 4201 2631 4258 alter
2649 4201 2795 4258 Leid.
2818 4203 2914 4256 snb

1894 4287 2039 4336 term.
