3217 5134
629 520 1673 593 METAMOREHOSEON
1730 523 1926 593 LIB.
1988 525 2092 595 11.

2298 547 2424 591 201

289 661 529 740 Edidit
557 661 899 753 hinnitus,
932 679 1001 738 et
1029 663 1307 740 brachia
1347 665 1562 740 movit
1594 665 1669 739 in
1700 640 1966 739 herhas.

287 791 470 864 Tum
504 786 701 883 digiti
733 803 1014 876 coeunt,
1050 804 1120 861 et
1153 787 1400 888 quinos
1436 786 1684 884 adligat
1719 814 1974 883 ungues
2055 810 2062 817 ·

2334 807 2435 876 67⁰

286 912 633 1013 Perpetuo
669 938 879 984 cornu
911 906 1078 984 levis
1102 909 1354 1006 ungula
1381 941 1401 986 ε
1438 911 1673 985 crescit
1709 928 1778 984 et
1811 909 1985 999 orie,

288 1037 384 1110 Et
412 1031 572 1108 colli
608 1034 897 1135 spatium
928 1062 944 1104 :
978 1031 1193 1130 longae
1226 1062 1380 1136 pars
1412 1034 1697 1108 maxima
1726 1031 1922 1135 pallae

290 1155 527 1233 Gauda
558 1154 637 1229 fit
667 1184 684 1228 z
713 1172 922 1256 utque
957 1157 1109 1251 vagi
1144 1156 1360 1230 crines
1394 1184 1515 1258 per
1547 1153 1719 1229 colla
1746 1152 2091 1254 jacebant,

285 1284 370 1355 In
408 1279 673 1355 dextras
704 1278 924 1353 abiere
946 1278 1146 1378 jubas
1174 1308 1190 1352 ε
1218 1280 1598 1381 pariterque
1628 1296 1871 1353 novata
1906 1294 2007 1351 est

286 1406 384 1479 Et
417 1431 584 1492 vox,
614 1419 682 1475 et
713 1401 912 1476 facies
943 1432 959 1474 ε
987 1430 1233 1475 nomen
1263 1430 1534 1504 quoque
1565 1417 1863 1475 monstra
1893 1398 2150 1474 dedere.

2331 1420 2431 1491 675

385 1530 509 1603 Vl.
540 1526 807 1616 Flebat,
851 1522 1179 1629 opemque
1216 1545 1399 1603 tuam
1434 1527 1681 1602 frustra
1715 1525 2089 1628 Philyreius
2123 1524 2354 1613 heros,

285 1745 424 1798 quos
446 1726 629 1796 aliquis
650 1731 859 1783 aewtans
880 1727 1004 1797 equi
1029 1746 1207 1783 sonum
1229 1728 1312 1783 es-

284 1805 550 1875 fingeret‚
583 1805 883 1875 perspicuos
914 1824 928 1858 z
968 1805 1087 1860 vide
1123 1805 1189 1860 ad
1221 1808 1306 1874 V,

285 1884 404 1957 295.
437 1912 508 1925 —
540 1887 758 1953 Equam
795 1885 976 1941 Nostri
1005 1883 1230 1941 Codices
1256 1887 1309 1940 A

284 1974 340 2017 et
361 1964 412 2018 B
430 2003 446 2029 ,
470 1982 618 2032 eque.
644 1962 745 2017 Ed.

348 2044 469 2118 659.
489 2045 721 2098 Bmcbeia
745 2054 843 2098 ete.
882 2044 1067 2098 Prono
1091 2062 1310 2113 corpore

281 2121 443 2191 coepit
465 2121 690 2175 brachiis
711 2121 927 2175 mutatis
959 2120 1222 2175 incedere.
1245 2148 1313 2162 -

285 2202 495 2263 aaut,
524 2199 823 2255 coalescunt
835 2198 1126 2253 interstitiis
1141 2198 1310 2252 subla-

281 2277 364 2331 tis.
402 2276 494 2330 Sic
523 2276 743 2330 vulnera
781 2275 1035 2329 dicuntur
1069 2280 1225 2336 coir-e,
1255 2286 1311 2328 et

278 2375 440 2425 aqua,
452 2353 1111 2426 quecongelatur.Contra
1126 2354 1173 2420 1,
1194 2356 1307 2422 74²²

282 2434 496 2502 Ungula
515 2438 570 2485 ia
592 2437 775 2502 quinos
801 2436 1009 2500 dilapsa
1029 2434 1315 2485 absumitur

276 2527 503 2579 unguas-,⁸
522 2510 612 2564 ubi
629 2510 745 2563 vide
760 2520 961 2564 notam.
971 2512 1305 2576 —Peepeluo‚

278 2606 393 2641 non
420 2587 605 2651 scisso;
631 2587 843 2657 ungula
866 2587 1013 2641 enim
1043 2603 1307 2655 equorum

277 2677 407 2720 sunt
425 2665 620 2720 solido.
644 2665 823 2718 Etiam
840 2673 1009 2719 vestes
1030 2673 1308 2717 mutantur

274 2762 669 2813 cnmcorpore,
689 2743 813 2807 582;
833 2743 887 2808 1,
906 2740 1306 2811 2362oedquum

274 2845 427 2880 nnnc
436 2828 670 2896 pallafil
685 2828 856 2878 cauda
873 2865 887 2886 ‚
925 2822 1123 2878 lascivit
1143 2822 1305 2891 inge-

276 2904 435 2957 nium
460 2912 645 2973 poete.
681 2930 750 2944 --
776 2904 851 2954 Ut
867 2903 1153 2970 jacebaaet5
1183 2898 1304 2954 vide

282 2981 349 3035 ad
372 3002 491 3050 ²⁷²·

336 3060 457 3123 673.
508 3061 648 3127 γαρ·
685 3064 867 3112 cn'nes.
908 3060 1058 3111 Jubae
1092 3056 1150 3110 in
1193 3074 1304 3110 uno

272 3137 397 3192 colli
415 3137 579 3191 latere
594 3136 896 3207 dependere
912 3136 1099 3190 solent.
1122 3135 1303 3189 Verba

262 3224 562 3287 pariterque
593 3227 691 3271 etc.
707 3258 723 3280 ‚
765 3217 929 3271 otiosa
968 3226 1024 3269 et
1056 3214 1303 3285 languida

269 3306 403 3350 sunt
417 3307 535 3365 post
556 3293 965 3366 descriptionem
982 3334 998 3361 ‚
1027 3312 1145 3363 qua
1165 3311 1304 3363 prae-

266 3372 696 3429 cedit—Nomen
707 3377 898 3436 dedere,
912 3391 1107 3443 nempe
1121 3372 1301 3443 Hippo

273 3462 373 3506 ant
388 3452 569 3523 Hippe
582 3451 721 3506 dicta
736 3462 815 3506 est
829 3471 847 3506 ι
859 3459 1084 3505 mnstm
1098 3492 1111 3513 ‚
1138 3461 1300 3506 tram·

268 3530 526 3585 formatio
539 3569 557 3597 ,
582 3541 644 3584 ut
664 3529 759 3599 367
777 3569 794 3595 ‚
813 3538 905 3582 aut
920 3540 1113 3583 novata
1129 3529 1299 3583 facies.

357 3608 617 3679 676—707.
658 3609 843 3661 Heba!
883 3618 981 3661 etc.
1018 3608 1302 3660 Hercunbs

264 3687 539 3759 Apollinis
550 3688 710 3743 boves
723 3705 889 3757 quum
902 3686 1153 3756 abigeret,
1168 3687 1302 3739 Bat-

259 3775 425 3833 tna„
447 3784 633 3820 senem
666 3776 926 3835 pastorem
947 3804 962 3832 ,
994 3783 1156 3835 quem
1190 3764 1299 3821 ob-

260 3844 425 3897 vium
446 3842 670 3897 babebat
687 3882 704 3911 ‚
728 3843 944 3913 rogabat
961 3882 977 3908 ,
1000 3844 1205 3896 furtum
1226 3861 1299 3896 ne

256 3920 532 3976 indicaret
556 3936 571 3971 ε
597 3920 741 3991 quod
772 3922 857 3976 ille
875 3961 891 3987 ,
926 3919 1170 3976 mercede
1198 3940 1297 3975 ac-

254 4008 429 4069 cepta
444 4038 463 4064 ‚
490 4000 730 4069 promisit
765 3998 982 4070 quidem
1007 4021 1022 4062 ;
1060 3997 1151 4052 sed
1175 4017 1298 4052 mox

253 4077 549 4133 maruan-io
576 4117 591 4145 ,
645 4078 742 4131 sub
775 4077 944 4132 aliena
974 4078 1144 4130 forma
1182 4077 1297 4145 eius

254 4157 519 4215 tentandi
544 4177 698 4212 eausa
719 4157 998 4224 redeunti,
1023 4157 1203 4211 locum
1219 4175 1298 4211 os·

249 4236 479 4303 tendit,
500 4254 609 4305 quo
626 4235 787 4291 boves
809 4246 1109 4307 pascerent:
1135 4254 1295 4304 quam

249 4315 333 4371 ob
356 4313 644 4387 perfidiam
673 4319 729 4369 ia
752 4334 935 4371 saxam
956 4320 1181 4369 mutatus
1203 4320 1294 4367 est.

1407 1725 1843 1781 Fundamentum
1865 1726 2051 1781 sabulo
2073 1725 2130 1779 in
2152 1726 2394 1779 Homero
2407 1763 2425 1791 ‚

1407 1806 1593 1879 hymn.
1609 1806 1668 1859 in
1686 1806 2018 1860 Mercurium
2039 1844 2054 1872 ,
2078 1805 2428 1875 copiosissime

1407 1896 1676 1940 tractatur.
1716 1886 1796 1939 Ibi
1821 1886 2121 1939 Mercurius
2139 1925 2154 1951 ,
2194 1904 2261 1938 eo
2280 1884 2392 1954 ipso
2412 1923 2427 1951 ,

1408 1984 1516 2035 quo
1530 1976 1684 2020 natus
1699 1975 1837 2025 erat,
1867 1964 1954 2017 die
1970 2002 1985 2030 ,
2012 1983 2074 2016 ex
2086 1964 2255 2017 bubus
2278 1963 2431 2016 Deo-

1408 2065 1531 2099 rum
1550 2085 1566 2112 ,
1593 2064 1720 2115 quas
1744 2044 1935 2114 Apollo
1955 2044 2010 2097 in
2036 2044 2223 2097 Pieriae
2245 2053 2431 2097 monte

1408 2126 1647 2195 pascebat
1665 2164 1680 2192 ,
1703 2124 2085 2195 quinquaginta
2107 2142 2314 2178 summa
2333 2123 2432 2176 cal-

1407 2203 1607 2258 liditate
1630 2223 1727 2273 per
1755 2202 2015 2257 Boeotiam
2045 2202 2218 2273 abegit
2242 2201 2307 2254 ad
2332 2200 2433 2254 Al-

1408 2282 1605 2352 pheum
1624 2283 1681 2336 in
1707 2284 2076 2353 Peloponneso
2092 2324 2105 2345 ,
2137 2292 2292 2352 atque
2313 2300 2431 2352 pro·

1407 2381 1473 2431 pe
1500 2363 1694 2434 Pylum
1713 2363 1770 2416 in
1792 2375 1947 2417 antro
1968 2362 2198 2435 quodam
2217 2364 2428 2416 abscon-

1406 2439 1555 2494 didit.
1591 2443 1658 2496 ln
1681 2442 1871 2497 itinere
1898 2460 2061 2513 prope
2091 2442 2428 2498 Onchestum

1404 2537 1591 2573 senem
1614 2520 1896 2575 vinitorem
1917 2531 2067 2591 rogat
2086 2560 2101 2586 ,
2128 2540 2197 2574 ne
2222 2521 2426 2574 furtum

1406 2597 1620 2667 prodat;
1654 2613 1842 2652 verum
1871 2598 1954 2653 ille
1998 2598 2232 2668 Apollini
2268 2600 2427 2652 boves

1405 2676 1663 2746 querenti
1677 2716 1693 2741 ,
1709 2676 1837 2746 quid
1855 2676 2042 2730 viderit
2056 2716 2072 2743 ,
2089 2673 2304 2730 indicat.
2317 2675 2428 2730 Sed

1403 2753 1647 2809 eamdem
1661 2754 1818 2808 fabul.
1832 2755 1993 2808 etiam
2013 2753 2278 2807 Hesiodus
2294 2792 2310 2819 ‚
2335 2750 2428 2808 Ni·

1403 2832 1598 2887 cander
1615 2873 1629 2898 ,
1651 2831 2044 2905 Didymarchus
2056 2870 2072 2897 ,
2093 2831 2393 2901 Antigonus
2408 2868 2425 2898 ,

1404 2906 1716 2978 Apollonius
1755 2908 1997 2962 Rhodius
2042 2918 2421 2970 narraverant3

1401 2985 1544 3039 unde
1568 3004 1688 3040 eam
1705 2986 2014 3040 Antoninus
2027 3025 2042 3051 ,
2069 2985 2182 3038 Lib.
2200 2984 2425 3038 Metam.

1402 3064 1497 3130 23,
1525 3065 1772 3134 repetiit:
1801 3082 1918 3133 quae
1952 3063 2086 3116 ratio
2107 3063 2263 3134 paulo
2286 3082 2424 3132 pro-

1399 3143 1517 3211 pius
1551 3141 1620 3195 ad
1650 3141 1971 3195 Ovidianam
2015 3141 2227 3195 accedit.
2269 3142 2336 3195 In
2360 3160 2424 3194 ea

1399 3220 1629 3274 occurrit
1655 3221 1843 3275 Battus
1861 3261 1876 3287 ,
1908 3219 2028 3290 qui,
2055 3219 2299 3277 mecede
2324 3239 2424 3273 ac·-

1399 3309 1578 3368 cepta,
1600 3298 1871 3353 silentium
1883 3299 2139 3370 spondet,
2156 3310 2210 3354 et
2231 3319 2259 3352 a
2281 3300 2425 3352 Mer·

1396 3377 1545 3431 eurio
1566 3377 1825 3432 redeunte
1841 3416 1856 3444 ,
1879 3396 2047 3447 quum
2062 3377 2239 3430 datam
2257 3375 2421 3430 fidem

1395 3454 1632 3522 falleret,
1658 3457 1715 3509 in
1740 3475 1921 3510 saxum
1946 3465 2209 3517 mutatur;
2237 3472 2421 3522 quan—

1396 3552 1555 3601 quam
1579 3534 1636 3586 in
1661 3533 1771 3587 aliis
1793 3532 2104 3602 quibusdam
2134 3531 2289 3585 rebus
2306 3571 2322 3597 ,
2360 3541 2422 3584 ut

1394 3612 1501 3664 suis
1536 3611 1661 3663 locis
1693 3610 2019 3675 videbimus,
2063 3607 2317 3663 dissentit.
2352 3636 2420 3650 ·-

1393 3690 1681 3761 Phiqaea'us
1701 3706 1732 3740 a
1754 3686 1969 3760 Philyra
1985 3698 2173 3754 matre,
2192 3706 2421 3757 quacum

1396 3767 1658 3821 Saturnus
1672 3805 1690 3834 ‚
1713 3776 1888 3821 sumta
1910 3766 2103 3835 equina
2129 3767 2301 3819 forma
2317 3805 2331 3830 ,
2359 3767 2416 3819 in

1393 3845 1547 3899 Pelio
1574 3856 1760 3898 monte
1800 3863 2107 3914 congressus
2143 3843 2417 3898 habuerat.

1396 3924 1640 3994 Apollon.
1673 3926 1763 3992 11,
1801 3925 1962 3988 1236;
1992 3924 2178 3996 virgil.
2221 3924 2418 3996 Georg.

1394 4002 1479 4056 111
1496 4041 1512 4070 ,
1548 4005 1735 4075 92-94·
1775 4002 1866 4056 Sic
1891 4000 2100 4057 Chiron
2136 4013 2250 4057 erat
2275 4006 2421 4058 leems

1391 4097 1547 4132 sensu
1561 4079 1806 4148 antiquo;
1828 4084 1967 4155 ἥρωες
1982 4079 2126 4133 enim
2144 4079 2272 4133 olim
2292 4080 2418 4136 dicti

1390 4167 1516 4211 sunt
1537 4195 1553 4223 ,
1597 4158 1690 4226 qui
1724 4175 1754 4209 a
1793 4155 1914 4209 Deo
1953 4157 2146 4211 Deave·
2172 4159 2416 4229 prognati

1391 4245 1557 4290 erant.
1576 4234 1719 4288 Male
1744 4233 1904 4304 igitur
1926 4235 2065 4289 Rod.
2084 4238 2242 4292 vertit
2255 4239 2414 4305 Helai,-

1390 4325 1444 4368 et
1466 4314 1682 4370 Safflius
1702 4353 1718 4385 ,
1739 4317 2163 4386 mssaenelhiger
2179 4317 2330 4371 Soka.
