3217 5134
782 481 913 567 504

1338 485 1419 550 P.
1472 483 1838 552 OVIDII
1893 480 2343 550 NASONIS

777 624 907 697 Hic
942 649 1070 723 ope
1102 622 1559 723 Nympharum
1592 621 1898 697 sublatus
1931 625 2004 695 in
2037 650 2186 695 aera
2217 622 2495 723 pennis,

777 738 1007 835 Quum
1041 739 1255 834 gravis
1292 738 1515 813 infuso
1550 738 1750 813 tellus
1777 738 1955 814 foret
1985 739 2232 813 obruta
2257 755 2472 839 ponto
2495 794 2514 824 ,

773 853 1250 930 Deucalioneas
1283 854 1525 953 effugit
1560 855 1923 929 inobrutus
1951 853 2188 927 undas.

781 970 1069 1045 AEoliam
1108 972 1387 1046 Pitanen
1419 1002 1457 1047 a
1488 971 1647 1046 lava
1678 989 1864 1073 parte
1897 970 2259 1072 relinquit,

778 1088 1106 1188 Factaque
1138 1087 1219 1161 de
1249 1117 1407 1162 saxo
1443 1088 1635 1184 longi
1669 1088 2018 1162 simulacra
2051 1087 2409 1162 draconis·
2392 1144 2410 1176 ,

787 1203 1163 1305 ldaeumqne
1195 1233 1465 1291 nemus;
1507 1233 1676 1305 quo,
1709 1204 1848 1278 nati
1877 1203 2097 1291 furta,
2129 1203 2484 1302 juvencum

785 1318 1101 1394 occuluit
1134 1321 1337 1395 Liber
1362 1320 1511 1394 falsi
1544 1320 1719 1396 sub
1700 1320 1985 1418 imagine
2019 1319 2237 1404 εει-νίς

788 1434 1073 1536 Quaque
1106 1455 1296 1537 pater
1324 1437 1608 1539 Corythi
1647 1465 1847 1538 parva
1879 1434 2244 1509 tumulatus
2275 1461 2476 1508 arena
2505 1462 2524 1520 ;

790 1551 883 1623 Et
917 1579 1088 1650 quos
1118 1554 1321 1626 Maera
1348 1581 1526 1626 novo
1560 1551 1803 1627 latratu
1841 1552 2079 1626 terruit
2110 1578 2308 1647 agros
2339 1577 2358 1638 ;

789 1673 1242 1776 Eurypylique
1275 1675 1545 1762 urbem,
1582 1705 1714 1777 qua
1750 1676 1907 1750 Coae
1940 1702 2192 1749 cornua
2221 1689 2467 1746 matres

800 1794 1203 1884 Cesserunt,
1240 1814 1381 1870 tum
1417 1826 1624 1900 quum
1659 1797 2023 1871 discederet
2051 1794 2362 1870 Herculis
2397 1820 2629 1889 agmen
2657 1820 2672 1876 ;

798 1919 1286 2021 Phoebeamqne
1321 1919 1652 2008 Rhodon,
1680 1939 1749 1994 et
1778 1919 2058 2022 Ialysios
2089 1916 2445 1993 Telchinas
2462 1971 2484 2004 ,
2807 1933 2902 1983 365

856 2133 969 2200 354.
992 2135 1229 2187 sublatus
1244 2139 1299 2187 in
1312 2154 1435 2188 aera
1444 2141 1630 2204 penm's
1642 2144 1812 2206 potest

794 2213 1185 2268 circumlocutio
1200 2214 1334 2269 illius
1351 2216 1590 2269 scmbaei
1609 2236 1734 2270 esse.
1745 2245 1812 2257 —-

800 2294 1014 2354 Graiu
1034 2292 1170 2345 Rod.
1190 2295 1274 2345 die
1292 2312 1457 2360 {ante
1471 2295 1622 2346 Erde.
1648 2293 1814 2363 Equi⁴

796 2364 918 2418 dem
945 2367 1263 2436 interpretor
1287 2368 1669 2439 pondu-Osann
1704 2389 1815 2440 op-

794 2445 1011 2514 ponitur
1030 2447 1175 2498 enim
1198 2447 1278 2513 ei,
1304 2448 1391 2516 qui
1413 2449 1600 2517 pennis
1616 2447 1816 2503 tollitur

796 2520 853 2572 in
878 2539 997 2573 aera
1014 2561 1030 2588 ,
1055 2521 1180 2575 levis
1203 2522 1399 2592 pendet
1421 2525 1473 2576 in
1495 2544 1615 2578 aere
1632 2563 1649 2591 ,
1672 2525 1813 2578 levi-

796 2608 901 2651 tate
924 2619 1017 2652 sua
1043 2600 1226 2670 effugit
1249 2600 1633 2671 periculum.—
1649 2605 1816 2657 Obra-

798 2681 869 2728 Ia.
884 2715 897 2727 .
912 2714 925 2727 .
950 2681 1222 2738 mastalus,
1248 2689 1305 2731 ut
1321 2678 1488 2745 VIII,
1513 2680 1640 2747 844,
1663 2683 1818 2736 Alle—

798 2765 997 2810 nuaral.
1012 2798 1025 2810 .
1039 2798 1053 2812 .
1076 2761 1410 2813 abalienante.

865 2835 977 2886 358.
1030 2836 1199 2904 Longi
1227 2839 1504 2890 simulacra
1543 2841 1812 2903 draconi55

674 2945 691 2956 -
799 2911 1040 2983 intelligit
1076 2914 1319 2986 Micyllus
1352 2914 1596 2969 Lesbium
1629 2921 1820 2970 ἄκεα·-

801 3010 943 3055 nem,
981 2993 1130 3061 cujus
1154 2994 1311 3048 etiam
1336 2996 1447 3062 xl,
1484 2997 1583 3063 58,
1618 2997 1821 3050 mentio

803 3067 880 3120 fit.
917 3096 984 3107 —
1018 3071 1194 3122 Libere
1219 3079 1419 3134 ulum.
1461 3073 1821 3146 Thyoneum,

807 3144 1049 3217 Phrygiis
1074 3148 1402 3216 pastoribus
1387 3169 1674 3218 juvencum
1699 3152 1827 3205 abe-

810 3223 937 3293 gisse
965 3225 1121 3280 tradit
1142 3226 1304 3296 glossa
1325 3227 1534 3284 Codicis
1560 3230 1826 3284 Menardi.

873 3301 963 3354 36«
975 3339 987 3353 .
1012 3305 1169 3357 Pater
1191 3307 1400 3377 Corslbi
1410 3307 1508 3360 suit
1529 3308 1704 3362 Paris:
1721 3308 1825 3361 vid.

810 3379 1116 3436 Parrhasius
1128 3382 1191 3435 ad
1208 3381 1561 3438 Claudianum
1574 3425 1590 3452 ,
1611 3386 1765 3455 Rapt.
1778 3386 1823 3453 1,

817 3476 999 3529 ¹990-
1023 3460 1314 3514 Tumulatus
1328 3502 1341 3525 ,
1360 3462 1592 3530 sepultus
1605 3501 1622 3529 ,
1641 3463 1829 3516 condi-

812 3545 895 3588 tus
931 3546 1021 3590 est.
1052 3563 1118 3578 —·
1148 3539 1323 3592 Mem.
1354 3539 1548 3609 Regius
1568 3540 1829 3610 .intelligit

812 3614 1037 3668 Men-am
1052 3655 1066 3682 ,
1087 3617 1216 3670 Icari
1236 3637 1440 3684 canem,
1464 3637 1579 3687 quae
1596 3618 1825 3684 Icarum,

812 3710 843 3745 a
877 3692 1076 3747 rusticis
1113 3694 1296 3748 Atticis
1330 3696 1664 3750 intersectum
1686 3734 1701 3760 ,
1741 3696 1828 3749 la·-

816 3780 954 3824 tratu
978 3789 1073 3824 suo
1096 3771 1341 3825 indicavit
1358 3813 1372 3838 ,
1399 3784 1451 3827 et
1469 3773 1683 3842 posthac
1706 3793 1829 3827 cum

813 3846 1031 3902 domino
1052 3867 1147 3902 suo
1175 3848 1312 3902 inter
1338 3849 1507 3903 sidera
1531 3851 1693 3905 relata
1724 3861 1828 3906 est:

819 3929 1093 4000 Hyginus,
1129 3929 1299 3982 sabula
1330 3933 1423 3983 150
1442 3950 1456 3991 ς
1478 3929 1654 3984 Schol.
1680 3930 1831 3984 Ger-

816 4007 1005 4061 manici
1031 4007 1095 4060 ad
1127 4007 1332 4062 Canem
1352 4050 1369 4076 ,
1396 4030 1446 4078 p.
1476 4012 1581 4063 128.
1609 4008 1716 4063 Sed
1740 4011 1831 4063 vi-

818 4082 973 4137 detur
996 4084 1104 4138 hac
1126 4086 1291 4140 Μαι-ε
1305 4088 1475 4155 potius
1491 4087 1661 4157 puella
1677 4087 1829 4142 fuisse

816 4160 872 4211 in
902 4179 1085 4214 canem
1115 4181 1277 4217 versa.
1311 4163 1398 4217 Sic
1424 4165 1581 4218 etiam
1610 4165 1832 4217 Lactan-

819 4238 920 4293 tius
946 4276 962 4306 ,
1009 4237 1065 4291 in
1104 4240 1451 4309 Argumento.
1492 4243 1831 4297 Burmannus

1903 2137 2214 2207 suspicetur,
2229 2133 2312 2188 hic
2325 2133 2392 2187 de
2409 2133 2634 2187 Hemba
2649 2131 2750 2202 agi,
2767 2149 2910 2200 prop·

1906 2225 1990 2267 ter
2001 2213 2170 2279 xm,
2190 2212 2316 2279 4063
2343 2213 2513 2264 Hem
2525 2221 2704 2263 autem
2725 2228 2909 2262 nomen

1908 2294 2174 2347 intrusum
2186 2311 2294 2346 esse
2313 2310 2411 2361 pro
2423 2290 2554 2357 alio,
2583 2309 2692 2359 quo
2708 2289 2912 2342 Hecuba

1909 2370 2324 2439 significaretur,
2355 2367 2558 2420 variare
2586 2368 2735 2420 enim
2761 2365 2908 2419 MSS.

1909 2450 2142 2508 -Νοοο,
2174 2447 2434 2500 inusitato.
2457 2474 2524 2485 —
2555 2448 2768 2498 Terruit.
2789 2442 2908 2495 Vide

1912 2524 1977 2578 ad
2002 2526 2175 2591 XIII,
2204 2524 2315 2591 4οὸ-

1977 2603 2089 2656 363.
2118 2604 2574 2674 Eurypyle’nrbe·;
2608 2599 2786 2653 Coon.
2807 2600 2909 2653 Ho-

1912 2697 2044 2733 mer·
2083 2679 2141 2734 Il.
2174 2679 2255 2743 B,
2296 2680 2391 2750 677
2420 2718 2436 2746 ,
2479 2688 2609 2744 Κῶν,
2649 2682 2912 2753 Εὖρυτνῖεη

1914 2762 2055 2812 πόλιν.
2085 2757 2207 2811 Fuit
2234 2756 2318 2810 hic
2351 2756 2642 2829 Eurypylus
2681 2756 2916 2810 Heredis

1915 2835 2081 2908 lilius,
2114 2835 2237 2905 qui,
2274 2835 2712 2903 captaillaurbe,
2743 2833 2916 2886 ibin-e-

1916 2916 2107 2986 gnavit.
2148 2918 2261 2969 ὡς
2289 2926 2470 2969 autem
2495 2915 2741 2967 mulieres
2766 2931 2908 2981 quum

1915 2997 2143 3048 sormam
2165 3012 2313 3048 suam
2334 2992 2681 3063 praetulissent
2697 2991 2877 3045 Veneti
2891 3028 2906 3054 ,

1916 3075 1974 3127 iu
1997 3093 2173 3128 vaccas
2195 3083 2410 3127 mutato
2425 3083 2553 3126 sunt
2573 3091 2587 3126 ε
2605 3069 2905 3132 Lactantius,

1919 3152 1976 3204 iu
1991 3151 2343 3221 Argumento.

1984 3229 2097 3283 355.
2121 3230 2412 3288 pheacum,
2438 3226 2562 3296 quia
2581 3223 2798 3279 Rhodus
2816 3221 2906 3276 805

1918 3324 2090 3372 sacra,
2116 3306 2265 3373 cujus
2285 3303 2442 3358 radiis
2466 3318 2908 3372 nunquamcarere

1921 3382 2189 3436 dicebatur
2211 3401 2224 3434 ε
2249 3381 2352 3435 vid.
2379 3380 2696 3445 Lambinus,
2724 3376 2908 3431 aduo-

1920 3461 2112 3514 ratium
2132 3499 2148 3525 ,
2174 3461 2234 3527 1,
2263 3459 2367 3514 od.
2395 3474 2509 3524 vn,
2540 3478 2582 3512 1.
2608 3486 2675 3500 —
2699 3459 2907 3525 Ialysus.

1921 3558 2027 3591 una
2064 3558 2124 3591 ex
2159 3538 2321 3591 tribus
2356 3535 2727 3606 antiquissimis
2759 3530 2908 3586 Rhodi

1924 3617 2136 3671 urbibus
2151 3656 2166 3682 ,
2184 3616 2247 3670 ab
2265 3615 2450 3688 Ialyso,
2478 3614 2616 3669 Solis
2627 3624 2811 3684 nepote
2824 3652 2840 3678 ,
2853 3611 2910 3663 sit

1923 3696 2060 3749 dicta
2080 3695 2302 3749 :Strabo
2321 3734 2336 3762 ,
2363 3693 2516 3760 xlv,
2541 3714 2591 3763 p.
2614 3694 2800 3746 655.-
2815 3690 2916 3741 Tel·

1923 3775 2102 3827 chinas
2138 3771 2388 3826 Rhodum
2423 3771 2697 3825 incoluisse
2735 3778 2914 3823 certum

1923 3863 2033 3920 est,
2072 3871 2372 3922 quanquam
2406 3870 2519 3905 non
2546 3851 2668 3906 satis
2703 3857 2912 3909 constat,

1924 3930 2067 3984 unde
2085 3931 2343 3997 venerint,
2360 3939 2451 3984 aut
2459 3948 2735 3999 quorsum,
2748 3922 2913 3980 Rhodo

1924 4008 2133 4075 relicta,
2169 4008 2524 4076 migraverint.
2555 4005 2691 4060 Vide
2721 4000 2914 4059 Memfi

1927 4087 2103 4142 Rhod.
2124 4088 2178 4155 1,
2202 4108 2249 4161 9.
2269 4087 2435 4141 Erant
2451 4098 2629 4141 autem
2643 4097 2700 4139 et
2715 4085 2914 4152 insignes

1925 4166 2319 4236 praestigiatores
2355 4176 2409 4218 et
2445 4164 2608 4217 invidi
2640 4160 2917 4216 calumnia-

1926 4254 2082 4299 tores.
2109 4244 2392 4315 spanhem.
2425 4243 2490 4298 aa
2522 4241 2914 4300 Callimachum,
