3217 5134
746 503 792 569 6
1539 500 2088 568 PRAEFATIO

755 668 1002 743 quum,
1044 639 1229 741 qnod
1264 639 1325 714 ei
1360 639 1605 741 pudori
1644 656 1816 727 erat,
1857 656 1958 714 ter
1988 638 2204 714 victus
2248 656 2423 714 esset
2471 640 2556 714 ab
2608 639 2896 714 Hercule

753 772 1057 848 nondum
1103 772 1274 847 Deo.
1325 773 1577 847 Cornix
1623 772 1788 847 adeo
1824 799 2025 846 corvo
2069 800 2201 846 una
2240 770 2527 861 volanti,
2564 799 2709 873 quae
2749 800 2900 845 aves

756 904 1054 1006 quaedam
1078 932 1298 1006 passae
1332 918 1557 992 erant,
1587 923 1824 978 notum
1848 904 2028 980 facit.
2065 907 2192 978 Est
2219 905 2446 993 etiam,
2480 904 2605 978 ubi
2621 902 2898 979 Themis

747 1037 1153 1112 mutationes
1187 1036 1450 1112 futuras
1482 1038 1901 1112 vaticinatur.
1942 1037 2334 1112 Nonnullos
2366 1037 2635 1139 mythos
2669 1037 2900 1137 paucis

694 1262 711 1277 .
749 1189 952 1271 poeta
1003 1170 1428 1260 transmittit,
1463 1187 1543 1244 ut
1571 1170 1819 1245 Bacchi
1849 1172 2144 1248 nutrices
2176 1170 2432 1246 vetulas
2454 1228 2471 1262 ,
2511 1171 2759 1273 quibus
2786 1169 2900 1271 ju-

751 1317 988 1377 ventus
1010 1330 1046 1375 a
1069 1302 1312 1376 Medea
1333 1302 1655 1393 redditur,
1671 1320 1769 1390 et,
1795 1304 1980 1405 quod
1997 1304 2290 1394 mireris,
2315 1301 2900 1379 celebratissimam

754 1435 921 1509 adeo
974 1432 1617 1531 Gigantomachiam.
1671 1433 2053 1533 Quosdam,
2091 1436 2343 1539 quippe
2377 1464 2616 1538 parum
2646 1464 2902 1511 memo-

756 1567 1006 1644 rabiles
1027 1625 1046 1657 ‚
1085 1569 1290 1644 verbo
1347 1586 1602 1645 tantum
1643 1570 1876 1666 tangit.
1935 1570 2048 1644 Sic
2093 1599 2227 1647 una
2271 1600 2351 1645 ex
2401 1569 2862 1672 Minyeidibus
2881 1626 2900 1658 ,

758 1700 1076 1775 dubitans
1094 1757 1112 1788 ‚
1138 1701 1301 1802 quid
1325 1730 1360 1776 e
1378 1701 1609 1776 multis
1634 1702 2062 1804 potissimum
2084 1702 2356 1790 referat,
2377 1719 2446 1776 et
2465 1700 2666 1777 altera
2684 1758 2703 1789 ,
2731 1730 2902 1802 prae-

759 1833 1067 1908 teritione
1101 1832 1433 1909 rhetorica
1473 1853 1704 1923 utens,
1743 1833 2040 1938 plurium
2080 1852 2467 1931 argumenta
2514 1833 2900 1908 brevissime

758 1984 1130 2055 recensent3
1162 1995 1282 2042 nec
1310 1965 1501 2042 aliter
1522 1981 1592 2042 s'e
1614 1967 1899 2058 habent,
1930 1996 2077 2070 quae
2100 1966 2407 2041 Arachne
2435 1965 2634 2055 texit,
2658 1982 2727 2039 et
2756 1992 2902 2065 quae

766 2099 1071 2173 Minerva
1099 2127 1247 2173 cum
1277 2128 1353 2174 ea
1385 2117 1644 2174 certans
1679 2100 1750 2173 in
1777 2101 2083 2175 extremis
2108 2101 2310 2175 vestis
2340 2099 2648 2202 partibus
2682 2097 2898 2200 ponit.

764 2229 1005 2303 Medea
1037 2229 1347 2305 sublimis
1381 2229 1646 2326 fugiens
1677 2260 1758 2305 ex
1788 2241 1933 2306 ae're
1959 2231 2242 2333 despicit
2271 2230 2416 2305 loca
2444 2229 2654 2304 multa
2689 2247 2904 2305 trans-

760 2359 1278 2435 formationibus
1312 2379 1508 2449 nota,
1539 2389 1685 2463 quae
1697 2390 1846 2455 non
1872 2378 2253 2450 narrantur,
2281 2361 2398 2436 sed
2418 2379 2674 2437 tantum
2696 2363 2905 2436 attin-

767 2508 1038 2586 guntur.
1098 2494 1351 2567 Verum
1384 2493 1458 2565 in
1495 2492 1692 2590 longe
1727 2492 2035 2596 plurimis
2070 2493 2325 2589 ingenii
2357 2493 2582 2594 copias
2618 2493 2905 2568 Ovidius

763 2622 1035 2711 effudit,
1068 2640 1134 2697 et
1161 2642 1481 2726 quantum
1502 2627 1708 2701 rebus
1733 2626 2004 2700 flumine
2028 2624 2348 2698 orationis
2372 2625 2770 2700 exornandis
2794 2655 2904 2700 va·

760 2755 929 2832 leret
946 2756 1275 2846 ostendit,
1301 2785 1375 2832 ea
1399 2758 1671 2858 quidem
1690 2756 2030 2843 varietate,
2060 2775 2136 2830 ut
2154 2785 2335 2830 nunc
2356 2756 2693 2845 historici,
2722 2786 2904 2832 nnnc

763 2888 1104 2962 dramatici
1133 2906 1356 2990 partes
1389 2907 1648 2985 ageret3
1686 2916 1815 2990 qua
1841 2889 1988 2991 ipsa
2016 2917 2088 2963 re
2115 2886 2478 2989 plurimum
2511 2889 2738 2985 gratiae
2764 2918 2907 2964 car-

762 3021 928 3094 mini
966 3020 1378 3094 conciliatur.

862 3152 1091 3226 Primo
1118 3152 1458 3249 ingenium
1492 3151 1726 3227 lectori
1755 3153 1827 3227 in
1851 3152 2551 3228 transformationibus
2583 3153 2748 3255 ipsis
2789 3153 2902 3230 de·

765 3277 1137 3359 scribendis
1160 3278 1522 3379 approbat3
1552 3279 1623 3352 in
1642 3308 1807 3381 quas
1823 3280 1999 3354 enim
2012 3280 2166 3353 novi
2194 3282 2496 3382 corporis
2517 3299 2738 3384 partes
2765 3282 2902 3357 sin-

766 3404 920 3501 gula
941 3404 1167 3478 formae
1193 3405 1438 3506 prioris
1458 3405 1756 3479 membra
1786 3406 2184 3491 transierint,
2212 3406 2595 3483 suavissime
2621 3427 2899 3515 enarrat,

764 3547 961 3632 atque
998 3530 1089 3605 ita
1122 3530 1487 3608 multorum
1520 3531 1987 3619 animantium,
2017 3529 2375 3607 multarum
2401 3534 2557 3609 item
2586 3534 2903 3607 arborum

765 3655 1180 3759 aliarumque
1210 3686 1429 3732 rerum
1466 3676 1768 3732 naturam
1800 3657 2073 3732 mirifice
2100 3658 2342 3763 pingit.
2384 3658 2589 3768 Cycno
2614 3658 2683 3732 in
2720 3687 2902 3733 avem

767 3780 872 3854 sui
914 3781 1205 3854 nominis
1236 3783 1654 3869 transeunti,
1683 3786 1787 3872 II,
1824 3782 1964 3885 373
1988 3840 2007 3873 ,

936 3996 951 4011 .
977 3995 993 4011 .
1017 3994 1035 4011 .
1088 3955 1221 4015 Vox
1251 3966 1353 4016 est·
1366 3967 1591 4015 tenuata
1619 3955 1778 4033 viro,
1808 3976 2074 4039 canaeque
2097 3956 2328 4040 capillos

927 4053 1304 4115 Dissimulant
1334 4054 1542 4137 plumae
1560 4100 1577 4131 ,
1606 4054 1936 4138 collumque
1963 4080 1995 4118 a
2028 4071 2259 4141 pectore
2289 4056 2528 4140 longum
2641 4110 2650 4121 .

926 4151 1288 4235 Porrigimr,
1319 4154 1645 4238 digitosque
1672 4155 1809 4241 ligat
1834 4157 2096 4239 junctura
2126 4155 2426 4218 rubentes:

927 4250 1121 4313 Penna
1147 4251 1292 4315 latus
1319 4255 1521 4329 vestit;
1558 4267 1717 4317 tenet
1748 4277 1815 4320 os
1850 4257 1973 4320 sine
2006 4258 2262 4321 acumine
2283 4270 2552 4322 rostrum.
