3217 5134
597 548 1651 619 METAMORPHOSEON
1696 551 1896 621 LIB.
1946 555 2096 620 ΙΙΙ.

2293 554 2421 623 263

283 726 320 758 «
362 691 525 789 Quo
557 690 788 786 fligis?
823 719 865 763 o
897 717 1200 777 remane;
1236 718 1362 764 nec
1392 718 1536 778 me,
1573 690 1896 781 crudeli8‚
1934 710 2264 769 amantem

284 844 322 876 >2
362 810 643 897 Desere‚
680 806 983 883 clamavit
1012 837 1027 878 z
1056 805 1252 885 liceat
1273 862 1294 895 ,
1332 805 1519 907 quod
1558 822 1823 901 tangere
1853 836 1991 883 non
2022 825 2127 885 est
2145 864 2165 896 ,

288 959 328 992 20
368 923 730 1025 Adspicere
753 980 772 1012 ‚
812 941 880 997 et
912 922 1155 999 misero
1190 923 1486 1025 praebere
1521 914 1832 1001 alimenta
1863 924 2093 999 furori.
2140 960 2177 992 »

284 1044 606 1142 Dumque
642 1036 866 1125 dolet,
903 1066 1160 1115 summa
1193 1057 1442 1117 vestem
1475 1040 1758 1119 deduxit
1786 1041 1877 1117 ab
1907 1069 2067 1130 ora,
2326 1062 2430 1131 480

284 1159 618 1258 Nudaque
649 1155 1034 1231 marmoreis
1060 1158 1392 1258 percussit
1423 1176 1696 1260 pectora
1728 1156 1989 1259 palmis.

283 1279 568 1352 Pectora
603 1292 943 1351 traxerunt
973 1291 1237 1350 tenuem
1273 1303 1587 1376 percusse
1622 1274 1978 1362 ruborem3

280 1396 446 1468 Non
480 1389 708 1478 aliter,
745 1419 946 1492 quam
977 1419 1181 1491 poma
1215 1389 1478 1479 solent,
1515 1419 1662 1492 quae
1697 1388 1976 1465 candida
2010 1374 2233 1490 parte,

278 1511 483 1584 Parte
510 1507 804 1582 rubent:
841 1525 995 1595 aut,
1032 1522 1110 1583 ut
1141 1507 1341 1585 variis
1372 1505 1548 1587 solet
1577 1536 1706 1581 uva
1738 1506 2014 1583 racemis

277 1628 543 1699 Ducere
575 1653 1021 1727 purpureum,
1057 1624 1370 1705 nondum,
1392 1642 1686 1729 matura,
1726 1622 2038 1703 colorem.

2323 1642 2423 1709 485

279 1744 457 1840 Quae
487 1739 685 1815 simul
720 1740 1025 1844 adspexit
1057 1740 1413 1843 liquefacta
1438 1768 1673 1815 rursus
1706 1740 1779 1815 in
1811 1738 1991 1815 unda
2013 1794 2034 1827 ‚

249 1860 444 1932 'Non
479 1856 636 1933 tulit
662 1857 985 1947 alterium
1021 1857 1172 1948 sed,
1208 1876 1289 1933 ut
1325 1857 1733 1933 intabescere
1764 1854 1944 1933 flavae
2054 1958 2057 1961 Δ

353 2056 466 2123 477.
495 2055 545 2106 0
557 2073 771 2107 remane.
801 2054 850 2106 0
870 2062 993 2107 ante
1006 2072 1206 2106 remane
1226 2072 1306 2106 re·

282 2131 427 2200 cepit
448 2130 790 2185 Burmannus
810 2150 874 2184 ex
891 2130 1109 2195 Vossi03
1134 2128 1308 2182 Hein-

283 2210 394 2265 sius
416 2209 699 2279 suadebat,
721 2230 810 2267 oro
831 2230 1005 2271 mane,
1039 2218 1100 2263 ut
1122 2208 1308 2275 ultima

283 2293 344 2346 in
364 2312 453 2345 om
486 2292 811 2361 corripiatur.
841 2320 911 2332 —
939 2292 1119 2346 Nostri
1154 2288 1308 2361 Regii

283 2370 487 2425 habent
505 2410 521 2437 ,
557 2374 669 2438 Quo
706 2371 896 2439 refuge&
914 2411 929 2434 ,
979 2387 1189 2423 remane.
1235 2369 1308 2422 Et

282 2448 426 2502 hanc
448 2449 730 2502 lectionem
756 2450 930 2505 forsan
955 2467 1078 2501 vera
1101 2448 1181 2501 sit.
1205 2449 1305 2513 Eat

1404 2051 1490 2105 alii
1506 2091 1520 2118 ,
1536 2049 1993 2105 mseume—Nostri
2018 2047 2172 2119 Regii
2188 2088 2203 2115 ,
2220 2056 2429 2101 tenuem.

1401 2156 1471 2171 -—
1496 2132 1713 2183 Tenem
1742 2133 1964 2183 ruborem
1988 2127 2211 2182 illustrat
2236 2128 2431 2198 duplici

1404 2210 1801 2281 comparatione
1822 2247 1837 2276 ‚
1865 2227 1983 2279 que
2006 2207 2277 2279 probanda
2301 2208 2431 2278 qui-

1406 2289 1529 2343 dem
1553 2300 1633 2343 est
1652 2310 1666 2353 ;
1690 2288 1782 2342 sed
1801 2308 1869 2341 an
1888 2287 2248 2341 admirabilem
2262 2287 2427 2357 phan-

1404 2367 1544 2420 tasias
1568 2366 1678 2419 vim
1714 2364 1936 2435 prodat,
1965 2375 2019 2418 et
2040 2363 2199 2433 digna
2229 2364 2296 2418 sit
2331 2364 2428 2418 in—

1401 2448 1561 2517 genio
1580 2446 1776 2503 summi
1814 2457 1983 2516 poetae
2003 2485 2019 2512 ‚
2057 2456 2119 2499 ut
2157 2445 2426 2501 Schirach.

281 2525 760 2594 —AUe'servfur-ori3
785 2526 929 2596 quod
948 2526 1190 2579 homines
1205 2525 1316 2578 mi-
1402 2528 1632 2593 videtur,
1654 2527 1845 2580 nescio.
1864 2528 1988 2581 Non
2007 2526 2261 2580 debemus
2272 2526 2424 2580 nimii

279 2623 428 2658 seros
445 2604 598 2659 saciat
615 2643 631 2671 ‚
660 2604 750 2673 qui
775 2605 864 2657 illo
883 2615 1152 2658 vexantur.

343 2684 460 2749 480.
475 2683 678 2735 Summa
696 2689 883 2735 veslem
895 2685 1109 2737 deduxi!
1118 2685 1185 2735 ab
1199 2701 1305 2735 ora.

280 2758 508 2813 Codices
543 2759 696 2829 Regii
722 2760 923 2829 nostri,
949 2779 1145 2813 summo
1175 2780 1303 2813 ves-

274 2846 473 2907 temque
505 2842 711 2892 reduxit
740 2842 808 2891 ab
845 2858 943 2892 ore.
984 2838 1045 2893 Id
1071 2849 1149 2893 est
1162 2878 1177 2905 ,
1203 2858 1304 2892 re—

274 2918 426 2973 duxit
470 2928 672 2973 vestem
715 2938 831 2990 quoe
871 2929 1043 2973 totum
1095 2919 1305 2988 tegebat

275 3017 468 3070 eorpus
489 3039 506 3067 ,
546 3008 738 3068 preter
761 3016 819 3051 os
856 3009 912 3051 et
933 2997 1137 3052 faciem.
1177 2997 1301 3049 Non

277 3077 420 3132 male
440 3098 456 3141 ;
481 3075 574 3131 sed
591 3075 826 3146 displicet
841 3074 986 3146 quod
1006 3080 1056 3130 τὶ
1077 3094 1174 3144 que
1188 3084 1304 3144 post

275 3153 569 3210 secundam
593 3171 778 3208 vocem
800 3154 1099 3222 rejiciatur;
1121 3152 1305 3222 impe-

278 3232 424 3287 ditus
446 3243 697 3303 praeterea
721 3232 921 3303 phrasis
932 3231 1093 3299 ordo,
1109 3231 1210 3285 nisi
1227 3232 1303 3285 in-

277 3310 583 3381 terpunctio
593 3319 847 3364 mutetur.
865 3308 1135 3365 Servanda
1144 3307 1305 3385 igitur

275 3389 491 3460 vulgata
506 3387 676 3443 lectio.
697 3391 797 3444 Ed.
817 3417 884 3428 —
904 3390 1036 3452 Ora,
1069 3399 1303 3442 extrema

277 3486 403 3538 pars
419 3468 602 3535 vestis,
627 3465 709 3521 vel
724 3507 741 3535 ,
770 3479 830 3521 ut
851 3466 954 3521 hoc
975 3467 1090 3521 loco
1112 3467 1165 3520 in
1187 3487 1304 3537 pee-

273 3557 398 3600 tore
431 3543 668 3615 (summa
687 3584 703 3607 ‚
747 3547 1014 3615 suprema)
1040 3546 1127 3599 vel
1163 3545 1303 3600 infra

273 3624 465 3694 (ὑπο).
488 3623 614 3676 Jam
631 3622 760 3699 utII
775 3662 792 3690 ,
811 3623 949 3677 Fast.
962 3624 1056 3693 347
1077 3628 1305 3677 :tantus

268 3721 369 3755 ora
381 3704 654 3755 subduccre
664 3705 731 3754 ab
745 3705 850 3754 ima
859 3721 1019 3757 sensu
1035 3700 1243 3755 obscoen
1247 3721 1301 3769 o,

265 3779 347 3833 sic
358 3777 412 3832 h.
421 3778 453 3832 Ι.
465 3786 654 3832 vestem
663 3781 905 3833 deducere
911 3798 1109 3833 summa
1114 3783 1182 3832 ab
1192 3800 1299 3845 ora,

268 3853 422 3926 quod
447 3857 617 3910 facere
641 3855 910 3927 solebant,
944 3857 1033 3935 qui
1066 3856 1304 3927 planctus

263 3954 428 3991 causa
448 3947 630 4005 pectus
652 3935 959 4002 nudabant;
996 3936 1100 3990 vid.
1129 3937 1304 3990 Hein-

262 4013 381 4067 sius
405 4011 472 4065 ad
495 4010 548 4066 h.
574 4013 607 4067 l.
630 4053 647 4080 ,
672 4024 726 4067 et
739 4014 1080 4068 Burmannus
1095 4012 1159 4066 ad
1179 4012 1303 4069 Am.

265 4092 298 4145 Ι
317 4131 332 4153 ,
358 4106 445 4144 vn
463 4130 481 4159 ,
505 4090 586 4158 48.
615 4089 697 4146 Cs.
722 4103 777 4146 et
797 4092 935 4146 infra
955 4092 1026 4159 V,
1047 4093 1161 4163 399.
1181 4092 1304 4146 Hoc

268 4179 461 4222 autem
502 4166 820 4239 figmentum
865 4168 1176 4241 praeclarum
1209 4181 1302 4223 est.

268 4278 345 4291 --
371 4250 592 4303 Teaeuem
614 4254 850 4305 ruborem.
881 4248 1221 4304 Florentinus
1244 4250 1300 4303 S.

273 4326 458 4382 Marci
481 4367 498 4397 ,
537 4327 740 4398 primus
761 4330 1048 4387 Vaticanus
1063 4368 1080 4397 ‚
1104 4338 1160 4384 et
1195 4327 1303 4389 duo

1402 2624 1511 2658 esse
1527 2605 1584 2656 in
1599 2603 1873 2657 laudandis
1887 2615 2165 2673 poetarum
2179 2614 2421 2657 veterum

1398 2684 1540 2738 locis.
1581 2685 1650 2737 In
1686 2683 1975 2753 posteriore
2001 2684 2176 2737 forsan
2202 2684 2426 2752 respexit

1403 2762 1540 2816 Hor.
1564 2762 1619 2815 II
1635 2800 1652 2830 ,
1669 2759 1776 2815 Od.
1789 2778 1848 2828 v,
1870 2779 1931 2814 ιο
1954 2781 1968 2814 :
1989 2764 2112 2814 Jam
2129 2764 2231 2813 tibi
2243 2763 2426 2813 lividos

1399 2844 1699 2909 Disle‘nguel
1716 2841 2006 2894 Autumnus
2027 2858 2276 2901 racemos,
2299 2840 2430 2891 Pur-

1391 2940 1550 2989 pureo
1571 2925 1749 2975 varius
1766 2922 1948 2973 colore.
1977 2917 2120 2971 Alias
2141 2917 2298 2984 hujus
2321 2937 2424 2987 ge-

1400 2995 1542 3050 neris
1567 2995 1935 3050 similitudines
1956 2994 2165 3063 collegit
2183 2992 2424 3047 Brouck-

1400 3073 1580 3129 husius
1596 3074 1663 3128 ad
1680 3076 1922 3145 Propert.
1948 3072 2005 3127 11
2019 3112 2035 3139 ,
2056 3089 2101 3126 11
2114 3112 2131 3140 ,
2150 3091 2229 3127 20.
2241 3074 2428 3126 —Du-

1398 3172 1511 3207 cere
1529 3158 1766 3217 colorem,
1812 3164 1873 3207 ut
1909 3153 1966 3205 in
2006 3152 2425 3223 Metamorphos.

1396 3228 1533 3283 libro
1567 3232 1706 3286 VIII
1720 3273 1736 3299 ‚
1777 3231 1874 3304 760
1890 3271 1905 3299 ,
1938 3235 2117 3285 ducere
2140 3236 2422 3301 pallorem3

1401 3319 1460 3361 ut
1482 3320 1638 3363 antea
1656 3309 1856 3364 dixerat
1880 3310 2029 3380 Virg.
2061 3309 2172 3364 Ecl.
2193 3326 2255 3362 1x
2275 3349 2292 3377 ,
2317 3314 2383 3382 49
2398 3349 2417 3375 ,

1397 3389 1602 3443 ducere!
1623 3408 1721 3441 ura
1743 3391 1969 3443 colorem.

1465 3465 1578 3532 486.
1603 3463 1935 3536 liquefacta,
1976 3464 2119 3535 quod
2143 3474 2197 3518 et
2226 3462 2423 3517 habent

1398 3544 1568 3598 nostri
1584 3543 1809 3598 Codices
1823 3545 1996 3615 Regii,
2013 3543 2238 3597 offendit
2256 3543 2422 3597 Hein-

1396 3623 1534 3679 sium
1554 3663 1570 3689 ‚
1609 3625 1733 3693 quia
1753 3643 1874 3677 cera
1896 3623 2100 3677 dicatur
2138 3626 2387 3692 liquefieri
2401 3664 2415 3684 ,

1398 3720 1508 3754 non
1538 3705 1692 3755 unda.
1725 3704 2067 3755 Burmannus
2094 3703 2259 3755 refert
2280 3702 2420 3755 inter

1397 3778 1678 3849 singularia
1695 3778 1891 3835 Ovidii.
1913 3779 2111 3833 Passim
2128 3778 2266 3848 apud
2282 3779 2421 3833 Nos·-

1400 3869 1545 3915 trum
1567 3862 1762 3929 Ie'qutida
1780 3878 1917 3929 aqua
1936 3878 2032 3929 pro
2048 3858 2262 3928 limpida
2281 3897 2296 3926 ‚
2323 3859 2420 3911 cla-

1398 3956 1457 3993 ra
1480 3977 1496 4004 ‚
1523 3948 1583 3991 ut
1602 3941 1697 4006 451
1724 3976 1740 4005 ,
1765 3948 1821 3992 et
1843 3937 1897 4001 I,
1929 3938 2044 4007 370.
2069 3936 2303 4002 Plinius,
2330 3935 2383 3985 V
2404 3976 2421 4004 ,

1399 4017 1499 4085 Ep.
1523 4034 1584 4070 vx
1608 4033 1622 4067 ε
1632 4022 1813 4084 purim
1824 4021 2000 4072 celum
2012 4056 2029 4078 ‚
2051 4036 2144 4071 aer
2158 4017 2423 4085 hymnam,-

1399 4096 1663 4167 Panegyr.
1688 4098 1770 4158 82,
1791 4092 2421 4164 liquidafflmshq.1taque

1397 4172 1672 4242 limpidam
1696 4172 1961 4227 redditam
1992 4182 2136 4227 recte
2172 4172 2425 4242 liquefac·-

1397 4259 1503 4305 Iam
1529 4251 1732 4309 dixeris.
1751 4278 1818 4295 —·
1847 4254 2255 4308 Ule'utabescere.
2292 4249 2430 4308 cod.

1403 4330 1605 4401 Regius
1626 4330 1674 4385 B
1691 4370 1708 4399 ,
1734 4335 2152 4388 ulie’aetabescerc.
