3217 5134
813 557 1001 632 152·

1353 565 1432 634 P.
1507 568 1857 636 OVIDII
1914 567 2360 636 NASONIS

803 707 1080 807 Statque
1113 734 1350 806 super3
1388 706 1829 806 manibusque
1864 705 2048 780 datas
2083 707 2466 803 contingere
2498 706 2788 782 habenas

804 822 1095 911 Gaudet;
1134 841 1199 897 et
1231 823 1440 895 invito
1475 839 1691 919 grates
1723 822 1859 918 agit
1886 820 2042 896 inde
2077 823 2355 923 parenti.

897 940 1157 1012 Interea
1184 938 1486 1012 volucres
1521 938 1829 1039 Pyroeis,
1864 940 2092 1026 Eous,
2130 956 2195 1013 et
2231 939 2487 1013 AEthon
2508 996 2528 1026 ‚

802 1053 979 1128 Solis
1010 1054 1194 1155 equi,
1229 1072 1638 1155 quartusque
1666 1051 1969 1150 Phlegon
1992 1110 2012 1142 ,
2048 1053 2426 1129 hinnitibus
2451 1083 2641 1129 auras

799 1169 1234 1245 Flammiferis
1269 1167 1550 1272 implent
1571 1224 1590 1256 ,
1625 1167 2050 1270 pedibusque
2083 1168 2394 1270 repagula
2428 1169 2714 1272 pulsant.
2829 1188 2910 1241 15⁵

806 1288 976 1384 Quae
1007 1303 1362 1388 postquam
1393 1284 1686 1387 Tethys,
1721 1285 2012 1359 satorum
2039 1286 2265 1381 ignara
2295 1287 2594 1388 nepotis,

805 1402 1134 1505 Reppulit
1154 1460 1172 1491 ,
1207 1420 1275 1475 et
1306 1401 1479 1476 facta
1509 1419 1609 1476 est
1639 1401 1947 1476 immensi
1980 1403 2172 1504 copia
2203 1402 2435 1477 mundi
2455 1459 2475 1491 ,

805 1520 1204 1620 Corripuere
1239 1518 1410 1592 viam
1428 1575 1446 1606 ,
1477 1517 1896 1618 pedibusque
1936 1544 2059 1618 per
2089 1547 2236 1593 aera
2264 1520 2467 1595 motis

804 1634 1172 1709 Obstantes
1205 1632 1471 1707 findunt
1504 1631 1814 1720 nebulas,
1847 1633 2219 1736 pennisque
2258 1633 2461 1711 levati

806 1750 1217 1824 Praetereunt
1251 1764 1434 1822 ortos
1467 1746 1706 1822 iisdem
1739 1747 1820 1822 de
1852 1748 2158 1849 partibus
2192 1751 2437 1824 Euros.
2842 1772 2922 1824 160

809 1929 1038 2001 imagine
1070 1929 1355 1982 verborum
1385 1926 1588 1980 emicat.
1628 1927 1771 1979 Edit.

881 2016 991 2067 151.
1008 2014 1197 2065 Datus.
1224 2007 1394 2063 Co‘dd.
1417 2005 1587 2061 nostri
1604 2006 1723 2060 RR.
1738 2009 1825 2058 le-

812 2110 911 2145 ves.
945 2090 1015 2143 Et
1044 2090 1217 2143 forsan
1242 2105 1303 2139 ea
1327 2095 1403 2139 est
1425 2103 1549 2138 vera
1576 2084 1748 2137 lectio.

1923 2083 1988 2137 ad
2005 2103 2135 2138 vers.
2153 2084 2234 2157 69.

1918 1937 2028 1980 tam
2052 1928 2334 1998 respexisse
2349 1926 2414 1981 ad
2429 1947 2661 1983 carceres
2677 1928 2732 1983 in
2761 1927 2919 1983 Circo.

1993 2006 2099 2059 156.
2131 2007 2252 2072 ραι
2276 2013 2542 2076 poslqnam
2580 2008 2784 2078 Tethys.
2811 2005 2921 2060 Vid.

2249 2113 2316 2124 —
2330 2087 2549 2152 Nepotis.
2574 2086 2780 2157 Nempe
2797 2084 2924 2157 cly-

881 2170 988 2222 153.
1011 2169 1210 2219 laic-rea
1233 2167 1460 2216 volucres
1475 2173 1572 2216 etc.
1600 2161 1705 2215 Alii
1731 2159 1829 2214 alia
1922 2180 2081 2215 mene
2104 2161 2211 2215 filia
2233 2160 2470 2234 Tethyos
2492 2173 2548 2216 et
2569 2162 2789 2218 Oceani.

811 2247 958 2316 equis
980 2243 1232 2298 solaribus
1261 2242 1481 2294 nomina
1503 2241 1791 2309 imponunt
1814 2257 1828 2291 ε

811 2325 914 2378 vid.
946 2322 1142 2393 Hygia.
1172 2320 1272 2373 sab.
1301 2320 1393 2372 183
1414 2359 1430 2385 ,
1456 2319 1632 2388 ibique
1659 2318 1830 2370 Mun-

809 2401 922 2453 ker.
938 2409 994 2452 et
1008 2397 1295 2469 spanhem.
1312 2395 1375 2448 ad
1406 2393 1613 2448 callim.
1634 2393 1686 2446 h.
1710 2392 1829 2446 Del.

820 2475 928 2542 169.
953 2474 1058 2526 Pro
1072 2468 1397 2542 stammsemlr
1418 2509 1434 2532 ,
1479 2469 1666 2522 Burrn.
1693 2467 1829 2522 male

815 2555 1001 2626 probat
1026 2551 1284 2621 fmmficis.
1331 2549 1469 2603 Loca
1511 2549 1574 2602 ab
1611 2568 1676 2601 eo
1709 2548 1833 2602 lau-

815 2633 936 2686 data
956 2673 973 2698 ,
1012 2631 1100 2685 ubi
1112 2631 1379 2698 fumantes
1412 2634 1583 2690 tauri,
1629 2639 1718 2682 aut
1735 2629 1836 2697 su-

817 2717 1013 2766 mentia
1043 2715 1161 2779 equi
1188 2716 1353 2777 terga,
1398 2705 1501 2761 huc
1522 2726 1634 2759 non
1660 2708 1858 2775 perti-.

819 2801 952 2845 nent
976 2813 989 2854 3
1031 2788 1215 2860 quidni
1243 2787 1389 2857 equis
1410 2786 1589 2856 ignem
1613 2804 1838 2839 vomen-

816 2873 955 2926 tibus
981 2870 1138 2942 (vers.
1162 2869 1227 2937 84
1243 2908 1258 2935 ,
1292 2864 1409 2939 ¹¹9)
1430 2875 1572 2920 recte
1597 2865 1838 2919 tribuan-

820 2961 906 3006 tur
934 2948 1238 3018 flammesco-I
1269 2949 1497 2998 hinnitus
1516 2947 1547 3000 Ρ

894 3032 1002 3084 ι55.
1035 3023 1400 3091 Flammisen‘s„
1420 3024 1578 3077 Unus
1599 3022 1838 3076 Vatican.

821 3107 1032 3161 Thuan.
1057 3115 1111 3158 et
1149 3104 1387 3156 Leidens.
1417 3120 1514 3172 pro
1548 3100 1689 3153 varia
1724 3100 1838 3153 lect.

806 3183 1081 3253 fitmffictic.
1113 3180 1253 3251 quod
1277 3181 1462 3234 Burm.
1497 3198 1607 3233 uon
1635 3190 1837 3233 temere

821 3258 1174 3328 abjiciendum
1199 3268 1349 3328 putat
1367 3296 1383 3324 ,
1420 3256 1673 3326 quoniam
1682 3259 1841 3324 fiam-

822 3337 972 3406 mser
996 3336 1063 3389 de
1086 3335 1213 3389 celo
1236 3333 1590 3403 similibusque
1618 3332 1719 3388 dici
1741 3351 1839 3387 so—

823 3417 928 3470 leat
946 3438 958 3476 ;
971 3414 1221 3482 smficess·
1254 3417 1521 3481 mugilibus
1545 3423 1722 3465 autem
1750 3430 1842 3466 oc-

824 3504 1000 3548 currat
1050 3492 1154 3546 vll
1178 3533 1190 3553 ‚
1249 3495 1341 3558 ¹¹4
1368 3512 1382 3555 ς
1414 3490 1686 3558 sumaalia
1729 3493 1850 3559 equi

828 3580 968 3641 terga
982 3615 994 3632 .
1034 3571 1190 3638 xlv,
1215 3570 1312 3624 362
1332 3592 1344 3634 ς
1371 3581 1424 3625 et
1431 3570 1694 3639 fumantes
1715 3576 1843 3622 tan-

826 3670 925 3712 ms,
947 3649 1120 3703 Valer.
1149 3648 1284 3703 Flac.
1305 3649 1434 3714 Vll,
1453 3648 1561 3701 283.
1579 3676 1647 3686 —
1664 3646 1844 3702 Nostri

832 3728 1004 3783 Codd.
1029 3728 1148 3782 RR.
1165 3766 1180 3794 ,
1199 3730 1541 3795 fiammegrenlr.
1571 3753 1638 3768 ·—
1658 3729 1842 3795 Bepa-

823 3813 946 3878 3ula
962 3851 974 3870 ‚
1001 3808 1140 3878 ligna
1165 3818 1452 3861 transversa
1469 3848 1480 3868 ,
1508 3805 1694 3876 quibus
1714 3804 1842 3860 ostia

833 3888 1132 3943 firmantur.
1188 3886 1497 3954 Sagittarius
1550 3884 1616 3938 de
1659 3884 1844 3939 Januis

832 3969 976 4020 Vett.
995 4006 1009 4032 ,
1036 3986 1084 4036 p.
1115 3966 1206 4035 78,
1235 3962 1475 4034 intelligit
1511 3963 1562 4016 h.
1592 3963 1627 4017 1.
1666 3963 1841 4033 ligna,

831 4043 1017 4112 quihus
1041 4041 1162 4111 equi
1184 4041 1238 4094 in
1264 4039 1471 4094 stabulis
1495 4038 1841 4108 distinemur,

833 4139 900 4172 ne
948 4121 1106 4173 libere
1152 4129 1429 4173 excurrant
1458 4138 1470 4173 :
1505 4119 1655 4173 male.
1706 4119 1845 4189 Equi

832 4196 976 4251 enim
999 4200 1107 4266 iarn
1143 4197 1308 4265 juncti
1344 4209 1495 4252 eraut
1530 4197 1743 4265 currui,
1791 4207 1846 4250 et

832 4293 954 4346 mox
995 4273 1195 4346 Tethys
1228 4274 1313 4327 illa
1346 4274 1588 4344 repagula
1627 4274 1844 4345 repellit.

828 4353 1042 4409 Rectius
1060 4352 1298 4406 sentiunt
1313 4391 1329 4420 ,
1356 4352 1444 4423 qui
1469 4364 1658 4423 putant
1673 4394 1689 4423 ‚
1714 4372 1848 4426 poe-

1999 2243 2104 2309 ¹⁵7-
2129 2240 2327 2292 Mundi.
2351 2242 2575 2294 Mundus
2590 2282 2603 2303 ,
2636 2239 2821 2295 celum
2835 2282 2851 2308 ,
2873 2250 2928 2293 ut

1926 2336 2076 2388 sepe.
2104 2319 2164 2372 Iu
2189 2338 2299 2387 sqq.
2330 2319 2539 2371 numeri
2574 2319 2711 2374 bene
2734 2338 2929 2373 accom-

1928 2395 2126 2449 modati
2145 2406 2270 2449 sunt
2287 2415 2465 2450 cursus
2487 2396 2753 2451 celeritati.

1999 2474 2106 2526 158.
2140 2476 2316 2535 Viam,
2362 2473 2493 2540 iter,
2528 2479 2798 2542 cerastem,
2840 2493 2931 2527 ce-

1929 2545 2107 2602 leriter
2121 2551 2379 2604 facere.·-
2390 2550 2636 2604 Emisere
2654 2552 2935 2605 excitantur

1929 2629 2036 2682 sole
2053 2629 2256 2685 oriente
2275 2653 2289 2694 ;
2313 2630 2432 2684 solis
2454 2631 2600 2684 enim
2620 2629 2935 2684 advenientis

1930 2709 2101 2763 calore
2125 2729 2215 2763 aer
2239 2721 2498 2764 movetur.

2002 2790 2109 2861 159.
2128 2791 2358 2841 Fi'ndunt.
2380 2786 2513 2842 cod.
2534 2787 2598 2840 R.
2615 2788 2674 2842 B.
2691 2789 2934 2842 subdunt.

1934 2865 1998 2919 R.
2016 2865 2079 2919 A.
2099 2867 2227 2919 item
2242 2885 2271 2918 a
2286 2886 2361 2936 pr.
2379 2885 2447 2920 m.
2461 2866 2769 2937 Utrumque
2784 2867 2934 2928 bene;

1931 2961 2057 2995 nam
2076 2942 2353 2997 discrimen
2372 2943 2715 3013 interfindem
2733 2953 2789 2997 et
2805 2948 2939 2996 sciu-

1931 3025 2046 3076 dere
2064 3021 2204 3076 haud
2226 3043 2493 3094 magnum.
2515 3024 2717 3077 Forsan
2742 3033 2939 3076 utrum·

1934 3120 2035 3169 que
2076 3118 2106 3154 a
2143 3102 2529 3171 permutatione
2562 3101 2839 3172 utriusque
2866 3098 2938 3152 li-

1934 3191 2059 3235 teroe
2068 3181 2133 3249 s,
2159 3200 2218 3234 sc
2239 3181 2421 3235 oritur.
2458 3183 2557 3234 Ed.

2006 3257 2112 3313 160.
2151 3261 2455 3312 praemunt
2495 3259 2659 3310 Euros
2681 3296 2697 3319 ,
2735 3254 2940 3326 proprie

1935 3335 2092 3405 accipi
2129 3346 2331 3406 potest,
2372 3354 2483 3389 non
2518 3334 2943 3405 proverbialiter,

1935 3410 2002 3464 de
2046 3411 2321 3465 celerrimo
2364 3412 2539 3466 volatu
2566 3452 2580 3474 ‚
2630 3420 2692 3464 ut
2734 3410 2945 3481 putabat

1934 3489 2120 3543 Burm.
2157 3508 2459 3560 quanquam
2494 3489 2547 3543 id
2581 3489 2639 3542 in
2677 3488 2787 3543 aliis
2824 3487 2946 3542 locis

1934 3568 2106 3636 valet,
2140 3570 2230 3622 ubi
2264 3571 2384 3640 equi
2424 3569 2706 3623 hominum
2744 3567 2948 3622 descri-

1933 3648 2160 3714 buntur,
2190 3658 2251 3701 ut
2275 3647 2456 3719 Virgil.
2492 3648 2616 3702 AEn.
2651 3647 2789 3714 xn,
2813 3646 2944 3713 334,

1935 3728 2061 3795 345;
2104 3727 2287 3782 Manil.
2320 3727 2368 3776 V
2389 3766 2404 3794 ,
2444 3748 2538 3800 79;
2565 3738 2619 3782 et
2648 3746 2780 3797 sepe
2809 3725 2948 3796 apud

1938 3806 2238 3861 Homerum
2260 3846 2274 3873 ,
2307 3806 2395 3875 qui
2418 3817 2596 3860 tamen
2622 3825 2783 3876 equos
2804 3823 2952 3858 nun-

1937 3903 2095 3953 quam
2131 3883 2401 3938 celeriores
2435 3885 2602 3938 ventis
2620 3924 2636 3952 ,
2673 3883 2765 3938 sed
2802 3902 2949 3953 eque

1936 3962 2128 4015 celeres
2164 3981 2222 4014 ac
2254 3973 2437 4016 ventos
2460 3962 2614 4029 facit,
2651 3963 2906 4032 quoniam
2932 4001 2950 4029 ,

1937 4039 2241 4092 observante
2259 4038 2432 4096 Schol.
2460 4038 2525 4093 ad
2544 4039 2687 4094 Iliad.
2714 4050 2783 4108 K,
2814 4042 2908 4110 437
2936 4060 2952 4093 ε

1934 4105 2110 4187 Ᾰνίμου
2148 4127 2325 4174 &iam
2374 4123 2512 4174 οὖδίν.
2562 4118 2701 4172 Vide
2731 4118 2953 4176 valken.

1936 4196 2158 4251 Diatrib.
2180 4196 2359 4267 Eurip.
2377 4217 2423 4267 p.
2450 4216 2554 4265 107.
2573 4196 2778 4250 Verum
2794 4196 2954 4252 hodie

1936 4275 2150 4345 quidem
2178 4276 2301 4346 equi
2336 4276 2538 4348 Anglici
2575 4278 2719 4332 venti
2755 4276 2957 4331 celeri·—

1935 4364 2099 4409 tatem
2146 4353 2278 4409 adeo
2311 4365 2559 4426 superant
2595 4374 2608 4408 ι
2641 4355 2762 4409 vide
2794 4353 2954 4409 Bue-
