3217 5134
573 564 1630 637 METAMORPHOSEON
1681 567 1885 637 LIB.
1942 574 2082 640 IV.

2273 574 2398 641 33⁸1

276 704 527 779 Omnia
558 703 712 780 trita
746 704 983 795 simu13
1017 735 1161 807 quae
1196 707 1523 802 sanguine
1558 707 1767 785 mixta
1800 709 2049 784 recenti

275 824 563 897 Coxerat
594 850 717 897 aere
750 851 908 898 cavo
928 879 947 912 ‚
983 822 1179 897 viridi
1213 841 1468 899 versata
1498 823 1714 899 cicuta
1743 853 1771 929 ².

274 942 590 1042 Dumque
623 958 869 1042 pavent
895 939 995 1014 illi
1012 996 1031 1030 ‚
1069 942 1280 1015 vertit·
1300 940 1533 1017 furiale
1567 970 1896 1018 venenum

273 1059 519 1132 Pectus
549 1058 622 1131 in
656 1060 1043 1147 amborum;
1081 1057 1578 1161 praecordiaque
1609 1059 1847 1133 intima
1880 1060 2108 1132 movit.

275 1182 453 1254 Tum
486 1180 626 1257 sace
653 1180 892 1280 jactata
924 1208 1046 1284 per
1072 1179 1373 1255 eumdem
1409 1181 1651 1282 saepius
1687 1181 1919 1257 orbem
1941 1239 1960 1273 ‚

277 1304 734 1406 Consequitur
765 1322 987 1380 motos
1020 1303 1335 1380 velociter
1364 1302 1639 1400 ignibus
1672 1304 1880 1401 ignes,

272 1429 389 1501 Sic
422 1429 693 1518 victrix,
728 1429 1030 1531 jussique
1062 1446 1344 1531 potens»,
1382 1429 1467 1503 ad
1500 1427 1724 1502 inania
1757 1428 1983 1523 magni

273 1553 511 1648 Regna
543 1551 718 1627 redit
749 1553 958 1643 Ditis,
995 1573 1420 1654 sumtumque
1451 1551 1817 1648 recingitur
1850 1580 2157 1647 anguem.

2318 1574 2418 1625 510

370 1676 692 1751 Protinus
727 1676 1028 1752 AEolides
1062 1677 1281 1753 media
1309 1675 1715 1751 furibundus
1750 1675 1821 1748 in
1857 1674 2007 1750 aula

275 1799 536 1876 Clamat
564 1831 579 1875 ε
618 1836 652 1868 «
689 1803 813 1875 Io!
846 1801 1164 1892 comiteS,
1199 1803 1308 1878 his
1340 1802 1509 1878 retia
1543 1800 1798 1876 tendite
1835 1798 2020 1875 silvis
2050 1829 2068 1872 ε

340 2007 458 2061 503.
471 2007 725 2077 Sanguine
740 2013 915 2060 mele-la.
935 2007 1096 2060 Multi
1111 2026 1173 2060 ex
1189 2026 1297 2061 me·

269 2082 493 2137 lim-ibus
508 2124 523 2151 ‚
550 2086 684 2139 etsie
698 2085 913 2154 quidem
932 2084 1096 2138 nostri
1112 2084 1295 2154 Regii,

271 2165 462 2223 tincta,
492 2181 588 2231 pro
610 2168 789 2215 meh-ta.
810 2163 1085 2214 --.Ce‘cuta
1099 2203 1112 2221 ‚
1150 2162 1299 2215 cala-

273 2259 397 2293 mus
418 2241 567 2294 istius
581 2240 700 2309 plan
709 2251 772 2294 ιε
790 2239 1068 2309 tripedalis.
1096 2240 1178 2294 Eo
1190 2240 1301 2294 uti-

272 2329 366 2372 tur
405 2317 522 2371 loco
557 2318 892 2371 instrumenti
930 2317 994 2371 ad
1031 2318 1299 2373 miscenda

267 2413 503 2449 venena.
541 2394 782 2449 Similem
817 2396 1253 2466 preparationem
1279 2434 1296 2463 ,

267 2474 380 2527 vid.
399 2473 527 2538 VII,
550 2473 644 2527 262
658 2492 770 2543 sqq.
783 2513 798 2540 ‚
819 2475 907 2528 ubi
926 2472 1120 2528 Nledea
1133 2479 1308 2528 muli

270 2574 416 2608 ramo
446 2557 591 2608 olive
609 2556 683 2609 sic
701 2555 881 2608 utitur.
909 2554 1085 2608 Etiam
1116 2566 1228 2625 sqq.
1264 2575 1295 2609 e

272 2635 427 2703 virg.
460 2633 559 2703 374
573 2674 590 2701 ,
625 2652 860 2703 expressa
878 2673 893 2701 ,
919 2638 1219 2703 penitusque
1240 2639 1296 2687 in

271 2716 473 2764 veli-cem
494 2716 690 2779 lapsum
711 2710 1166 2780 &rpenlclrsm'ale
1182 2730 1299 2765 tna-

269 2794 378 2842 Imn
393 2831 406 2850 ‚
424 2796 985 2859 totamquepcmtmt.-
995 2788 1298 2844 VertitGro·

273 2886 399 2922 nov.
423 2866 552 2922 Oba.
581 2869 634 2922 Il
651 2907 666 2935 ,
688 2888 736 2938 p.
763 2871 890 2935 204,
915 2878 1086 2922 mutat
1107 2869 1164 2921 in
1191 2889 1296 2922 vetb

269 2951 378 3015 git,
428 2965 621 3016 nempe
663 2946 821 3000 Furia
846 2985 861 3013 ,
901 2946 1045 3016 quod
1086 2957 1297 3001 coctum

275 3024 519 3079 habebat.
546 3025 806 3079 Eamdem
832 3024 1184 3078 mutationem
1206 3025 1299 3078 ba-

275 3104 367 3158 bet
377 3105 644 3169 Gravinum
663 3104 753 3160 sed
772 3104 995 3158 Codices
1007 3104 1174 3156 nostri
1186 3104 1299 3157 Re-

279 3186 350 3255 gii
370 3197 583 3239 servant
607 3190 767 3239 vet-til.
807 3183 908 3238 Ed.
942 3212 1011 3227 -·
1045 3184 1298 3239 Vocabul.

263 3261 467 3330 fm‘ale
484 3265 784 3334 frequentat
807 3262 1047 3318 Ovidius.

347 3341 463 3395 508.
493 3342 820 3412 Consequitur
834 3352 934 3397 etc.
970 3342 1171 3396 Versus
1200 3341 1301 3395 dis-

279 3418 457 3486 ficilis,
484 3421 574 3489 qui
595 3419 744 3474 valde
767 3421 918 3474 torsit
938 3420 1152 3491 ingenia
1170 3421 1299 3475 lntt.

277 3497 564 3551 Accursiua
597 3496 913 3552 emendabat
936 3503 1086 3551 monle
1112 3501 1302 3552 veloci-

275 3584 357 3629 ter
371 3580 573 3644 ignibus
591 3580 760 3645 ignes,
790 3575 843 3630 id
865 3585 943 3630 est
956 3617 970 3643 ‚
997 3586 1168 3630 rotata
1187 3577 1299 3630 face

276 3666 330 3709 et
356 3655 636 3709 commotis
658 3655 772 3725 ejus
788 3655 995 3725 ignibus
1017 3656 1164 3725 ignes
1179 3674 1303 3709 con·

274 3732 531 3801 sequitur.
545 3733 618 3798 X,
637 3754 663 3802 7
685 3736 975 3802 :nullosque
992 3738 1302 3787 e‘twem’tmo-

272 3815 414 3864 {ibus
433 3815 590 3878 ignes.
611 3812 836 3865 Lenzius
851 3821 1017 3882 putat,
1035 3831 1143 3866 voc.
1164 3816 1303 3881 1⁶5er

274 3888 472 3960 duplici
505 3910 662 3944 sensu
699 3891 946 3961 positum·
966 3910 1074 3944 esse
1100 3930 1116 3957 ,
1147 3891 1219 3944 ita
1242 3900 1303 3944 ut

274 3972 409 4022 note·
421 3971 564 4036 ignes
578 3970 685 4023 sint
708 3969 906 4023 interni
926 3969 1075 4039 ignes
1091 3986 1303 4027 veneno

277 4046 455 4100 effecti
472 4085 487 4112 ,
529 4065 659 4115 quos
686 4046 845 4101 Furia
868 4049 1069 4115 ignibus
1086 4086 1099 4107 ,
1128 4046 1305 4113 jacta·-

279 4125 426 4179 tione
460 4126 576 4180 satis
600 4167 617 4195 ,
654 4128 817 4197 magis
868 4125 1181 4180 excitaverit.
1216 4122 1307 4177 Si-

279 4202 482 4258 militer
506 4205 656 4259 Rode
678 4245 694 4271 ,
727 4208 839 4259 und
855 4206 1131 4273 eatstammt
1148 4204 1307 4256 durch

279 4284 365 4335 de'e
386 4286 614 4337 schaelle
647 4287 923 4354 Beaeegung
941 4286 1025 4338 Δία
1045 4286 1205 4337 sehon
1228 4286 1306 4335 Io-

282 4364 470 4415 demde
486 4365 713 4417 Hammc
731 4367 859 4420 noch
885 4367 1035 4420 mehr.
1056 4364 1151 4419 Me
1181 4381 1309 4419 vero

1392 2024 1505 2058 non
1522 2004 1747 2074 poenitet
1769 2001 2011 2072 amplecti
2030 1999 2421 2069 interpretatio·

1393 2102 1524 2137 nem
1538 2083 1636 2134 viri
1661 2081 1802 2134 docti
1822 2081 1878 2133 in
1899 2077 2223 2133 Bibliotheca
2241 2078 2419 2148 Figur.

1395 2180 1459 2215 ex
1481 2179 1585 2230 qua
1607 2159 1747 2213 orbis
1774 2158 1858 2212 ille
1893 2157 2177 2211 continuus
2196 2196 2211 2223 ,
2255 2175 2416 2226 quem

1394 2242 1543 2312 ignes
1565 2240 1808 2295 celeriter
1847 2238 1980 2292 moti
2019 2237 2075 2292 in
2110 2255 2230 2291 aere
2255 2237 2424 2290 facie-

1394 2321 1526 2374 bant
1543 2358 1559 2386 ,
1584 2318 1747 2374 oculis
1770 2317 2060 2387 subjicitur.
2085 2318 2315 2386 Propter
2331 2333 2423 2367 ce-

1393 2399 1657 2453 leritatem
1697 2408 1873 2453 motus
1894 2395 2128 2451 scintilla
2163 2414 2219 2448 se
2255 2393 2417 2447 vide-

1392 2478 1591 2532 bantur
1613 2478 1869 2549 attingere
1893 2486 1949 2530 et
1971 2475 2290 2530 continuum
2314 2492 2418 2526 or-

1392 2556 1517 2610 bem
1541 2557 1712 2609 facere
1730 2594 1746 2622 ,
1772 2552 2226 2625 quemadmodum
2250 2569 2422 2624 pruna

1392 2634 1450 2688 in
1472 2633 1704 2688 tenebris
1722 2633 1964 2687 celeriter
1989 2632 2304 2686 circumacta
2327 2629 2423 2684 cir·

1392 2714 1571 2768 culum
1594 2713 1820 2783 ignitum
1843 2710 2005 2765 oculis
2033 2708 2229 2778 objicit.
2255 2707 2422 2762 Simi-

1391 2794 1515 2849 liter
1537 2791 1677 2863 apud
1704 2789 2064 2844 Claudianum
2087 2829 2103 2856 ,
2147 2788 2213 2840 R.
2239 2787 2302 2840 P.
2333 2804 2381 2840 11
2406 2826 2423 2853 ,

1395 2876 1460 2927 25
1481 2884 1495 2935 ’,
1525 2870 1673 2925 hasta
1696 2888 1857 2940 quam
1882 2868 2131 2921 Minerva
2154 2867 2210 2919 in
2235 2884 2425 2937 gyrum

1393 2959 1595 3017 movet,
1615 2953 1783 3000 instar
1790 2950 1929 2999 siloe
1943 2947 2109 3005 babel,
2137 2943 2259 3013 quia
2275 2942 2423 2996 hasta

1395 3028 1552 3083 celeri
1576 3035 1727 3079 motu
1749 3024 1895 3094 quasi
1910 3021 2301 3092 multiplicatur.
2326 3020 2419 3075 ln-

1396 3105 1606 3175 genioae
1633 3101 1850 3172 quidem
1884 3101 2035 3154 illum
2058 3099 2245 3153 orbem
2269 3106 2425 3151 nota-

1393 3184 1501 3251 vit,
1526 3181 1617 3238 sed
1648 3182 1822 3236 alieno
1846 3181 1979 3235 loco.

1464 3267 1579 3339 509.
1604 3267 1761 3319 Jussae·
1772 3270 1956 3333 potens
1978 3303 1992 3326 ,
2038 3272 2317 3332 postquam
2343 3261 2428 3313 es-

1395 3344 1627 3411 fecerat,
1663 3342 1806 3413 quod
1828 3342 1924 3413 ipsi
1949 3341 2151 3411 jussum
2175 3350 2305 3394 erat.
2334 3337 2424 3392 Sic

1396 3427 1698 3491 volipolens
1715 3461 1729 3485 ‚
1763 3420 1830 3475 de
1853 3439 1960 3490 quo
1986 3419 2052 3473 ad
2075 3438 2206 3472 vers.
2225 3418 2339 3470 325.
2357 3445 2423 3458 --

1396 3504 1616 3565 luania,
1644 3502 1705 3555 in‘
1739 3502 1929 3570 quibus
1967 3518 2077 3554 non
2112 3499 2211 3552 nisi
2243 3498 2429 3551 inanes

1396 3581 1600 3635 umbro
1624 3589 1915 3633 versantur.
1940 3576 2126 3646 virgil.
2152 3574 2277 3628 AEn.
2302 3575 2384 3628 Vl
2405 3615 2420 3642 ‚

1400 3660 1498 3733 259
1529 3678 1543 3713 τ
1571 3661 1767 3728 Perque
1803 3661 1980 3710 domos
2011 3657 2156 3708 Ditis
2194 3672 2388 3707 vacuas
2410 3694 2425 3718 ,

1395 3742 1450 3790 et
1466 3740 1648 3790 inania
1665 3753 1833 3803 regna.
1849 3762 1916 3774 —
1928 3734 2253 3800 Bac-ingiter&
2279 3729 2423 3783 domi

1401 3815 1654 3869 mulieres
1674 3811 1929 3887 sedebant
1955 3811 2231 3865 discinctoe.
2403 3820 2409 3825 “

1465 3899 1524 3948 51
1538 3916 1577 3947 ι.
1615 3896 1854 3947 Protinm·
1891 3895 2121 3946 AEole’des
2159 3900 2258 3943 etc.
2292 3889 2331 3942 J
2334 3908 2421 3942 am

1401 3970 1465 4025 ad
1488 3973 1589 4026 sab.
1614 3972 1781 4042 ipsam
1803 3969 1956 4024 redit.
1983 3970 2180 4042 Hygia.
2204 3969 2306 4021 sab.
2331 3985 2422 4035 lv,

1399 4068 1461 4103 ex
1503 4048 1756 4118 Euripide
1796 4057 2007 4114 narrat,
2051 4046 2107 4099 in
2139 4047 2421 4100 venatione

1399 4128 1575 4181 filium
1601 4128 1664 4181 ab
1692 4127 2013 4181 Athamante
2044 4145 2153 4180 esse
2179 4127 2429 4180 intersec-

1400 4216 1531 4261 tum.
1574 4206 1732 4277 Apud
1784 4204 2170 4277 Apollodorum
2194 4245 2210 4272 ,
2254 4205 2425 4259 filium

1399 4303 1497 4354 pro
1518 4303 1676 4339 cervo
1696 4284 1868 4338 habet.
1911 4285 1959 4338 A
1987 4285 2183 4340 Nostro
2209 4282 2255 4337 F
2254 4293 2348 4336 ast.
2374 4280 2425 4334 d.

1399 4363 1433 4419 l.
1471 4367 1639 4433 imap
1658 4361 1815 4435 salsa
1841 4373 2050 4418 tantum
2082 4377 2424 4417 commemo·-
