3217 5134
71 4854 147 5114 ,ᾖ
72 4686 75 4829 Ψ
72 4626 73 4653 ,

798 530 931 577 200

1353 506 1430 573 P.
1491 506 1848 577 OVIDII
1903 506 2369 578 NASONIS

792 645 1119 722 Restabat
1144 642 1298 719 fatis
1332 643 1587 747 aliquid
1618 677 1633 719 ε
1660 646 1952 747 suspirat
1982 646 2068 721 ab
2105 648 2257 723 imis

2834 672 2933 729 655

796 766 1200 843 Pectoribus
1221 822 1240 855 ‚
1276 764 1710 866 lacrymaeque
1749 763 1938 860 genis
1971 763 2298 840 labuntur
2327 764 2623 841 obortae:

794 882 1021 984 Atque
1056 882 1187 970 ita,
1229 914 1263 947 «
1299 883 1747 968 Praevertunt,
1785 880 2041 981 inquit,
2075 909 2182 957 me
2214 881 2383 969 fata;
2416 900 2737 985 vetorque

800 1029 839 1063 »
880 995 1085 1071 Plura
1116 994 1347 1098 loqui3
1383 994 1700 1096 vocisque
1735 1022 1896 1071 meae
1927 992 2358 1098 praecluditur
2387 1026 2571 1075 usus.

798 1147 840 1180 w
880 1116 1038 1188 Non
1072 1112 1335 1188 fuerant
1366 1130 1539 1187 artes
1573 1112 1780 1201 tanti,
1821 1141 1968 1215 quae
2002 1113 2296 1188 numinis
2327 1115 2493 1190 iram

800 1264 838 1297 »ι
877 1232 1283 1305 Contraxere
1318 1229 1523 1315 mihi;
1561 1228 1824 1304 mallem
1856 1229 2144 1307 nescisse
2177 1230 2422 1307 futura.

800 1381 839 1414 »
876 1350 1029 1423 Jam
1059 1347 1223 1422 mihi
1258 1346 1542 1421 subduci
1576 1347 1777 1422 facies
1810 1347 2102 1423 humana
2135 1348 2436 1453 videtum

796 1498 836 1531 »
874 1465 1026 1539 Jam
1062 1465 1254 1540 cibus
1288 1463 1499 1539 herba
1530 1463 1781 1566 placet;
1812 1464 1949 1563 jam
1977 1465 2130 1540 latis
2166 1492 2427 1540 currere
2456 1464 2707 1566 campis

797 1613 835 1646 2>
872 1582 1174 1682 Impetus
1196 1600 1340 1668 ·est;
1374 1582 1445 1654 in
1476 1610 1745 1682 equam,
1777 1598 2185 1682 cognataque
2221 1606 2508 1683 corpora
2539 1599 2781 1655 vertor.

800 1729 839 1762 >›
878 1698 1054 1770 Tota
1090 1714 1309 1772 tamen
1338 1699 1594 1799 quare?
1627 1715 1818 1798 pater
1850 1715 1953 1772 est
1981 1697 2149 1771 mihi
2182 1727 2421 1800 nempe
2454 1697 2785 1772 biformis.
2824 1730 2860 1765 ι

796 1818 985 1894 Talia
1022 1819 1267 1895 dicenti
1299 1849 1453 1922 pars
1483 1838 1585 1895 est
1618 1839 1905 1896 extrema
1940 1819 2223 1921 querelae

2834 1840 2927 1895 665

795 1943 1141 2018 Intellecta
1175 1973 1447 2047 parum;
1485 1944 1895 2046 confusaque
1928 1946 2128 2020 verba
2161 1946 2382 2019 fuere:

796 2067 967 2141 Mox
996 2096 1116 2141 nec
1150 2070 1352 2144 verba
1377 2069 1680 2171 quidem,
1717 2098 1839 2144 nec
1874 2099 2060 2172 equae
2082 2099 2288 2147 sonus
2319 2067 2432 2143 ille
2462 2067 2766 2157 videtur,

794 2189 929 2263 Sed
964 2190 1339 2266 simulantis
1370 2221 1649 2294 equam;
1685 2221 2023 2296 parvoque
2056 2192 2129 2266 in
2161 2211 2455 2294 tempore
2489 2208 2709 2265 certos

791 2407 1001 2459 slamen.
1042 2402 1237 2455 Noster
1252 2441 1267 2467 ,
1317 2402 1369 2455 X
1388 2440 1404 2466 ,
1442 2401 1509 2454 30
1525 2442 1538 2463 ,
1575 2409 1813 2457 retexent.

859 2479 974 2532 655.
994 2482 1248 2533 Restabat
1258 2489 1356 2533 etc.
1378 2479 1574 2534 Similis
1588 2499 1813 2534 conver-

792 2556 871 2612 sio
886 2597 902 2623 ‚
928 2557 988 2626 1,
1011 2577 1133 2625 70ος
1162 2556 1255 2611 sed
1276 2556 1328 2610 b.
1349 2557 1382 2611 1.
1403 2557 1510 2627 ipse
1527 2558 1698 2611 noluit
1715 2578 1812 2611 re·-

791 2635 982 2688 stantia
995 2633 1189 2688 addere
1202 2674 1218 2702 ,
1234 2654 1427 2706 nempe
1448 2636 1561 2689 sore
1576 2675 1591 2701 ‚
1609 2646 1669 2688 ut
1689 2633 1812 2689 Chi-

791 2728 894 2764 ron
917 2711 1059 2766 inter
1083 2712 1256 2767 sidera
1275 2713 1550 2767 reseratur.
1577 2713 1715 2767 Fast-
1741 2730 1777 2767 v
1792 2750 1808 2780 ,

792 2788 930 2855 413:

858 2880 1006 2919 mieds
1017 2881 1175 2920 adont-
1163 2889 1375 2934 ,naq-unit
1385 2881 1515 2933 ‚junii
1517 2882 1635 2939 ssime
1611 2881 1810 2931 eChiron,

790 2879 911 2992 Hgio
893 2963 1017 3005 stnep
1020 2966 1118 2991 estu
1121 2953 1223 2992 131311
1242 2967 1441 3005 ‹mei-port
1460 2963 1552 2993 nent
1587 2967 1688 2993 em

795 3025 1053 3081 Centauri
1078 3028 1224 3080 enim
1243 3026 1385 3082 sidus
1410 3028 1456 3081 ei
1482 3025 1655 3082 Graeci
1675 3018 1808 3082 dica·

790 3117 936 3159 runt.
964 3134 1032 3148 —
1054 3107 1185 3160 Filia
1202 3146 1218 3173 ,
1253 3108 1546 3161 secundum
1569 3109 1809 3179 Euripid.

792 3184 849 3238 in
891 3183 1223 3253 Menalippa,
1266 3185 1477 3255 gravida
1512 3205 1579 3240 ex
1613 3185 1807 3255 AEolo,

792 3260 1034 3317 Hellenis
1054 3261 1181 3329 filio,
1200 3282 1365 3331 quum
1384 3274 1530 3333 patre
1548 3265 1711 3318 inscio
1724 3285 1809 3335 pe·

788 3339 1037 3411 perisset,
1063 3339 1117 3394 10
1142 3359 1333 3409 equam
1358 3351 1588 3408 mutata,
1617 3354 1731 3397 tum
1756 3354 1810 3398 et

792 3418 901 3488 ipsa
927 3418 1065 3470 inter
1087 3416 1259 3471 sidera
1280 3417 1443 3472 relata
1466 3429 1559 3473 est.
1592 3419 1810 3475 Secun-

790 3495 922 3551 dum
960 3492 1375 3565 Callimachum,
1410 3518 1439 3551 a
1463 3498 1637 3553 Diana
1669 3518 1810 3553 con—

790 3597 938 3631 versa
993 3588 1073 3632 est
1098 3616 1115 3645 ,
1175 3578 1315 3651 quod
1366 3578 1545 3632 venari
1586 3578 1813 3632 desierat

790 3655 1067 3726 Deamque
1086 3657 1258 3711 colere
1276 3677 1288 3710 :
1306 3655 1504 3729 Hygin.
1522 3656 1663 3711 dicto
1679 3657 1808 3712 loco.

788 3732 899 3788 Sed
927 3733 1062 3804 apud
1092 3735 1347 3789 Nostrum
1370 3737 1806 3802 transformatur,

789 3811 931 3883 quod
961 3813 1204 3866 Deorum
1238 3813 1448 3867 consilia
1484 3813 1808 3868 enuntiabat.

790 3891 1135 3962 Ingeniosum
1150 3900 1326 3945 autem
1339 3890 1656 3962 figmentum
1668 3931 1684 3957 ,
1700 3910 1808 3962 quo

786 3979 928 4025 vates
944 3970 1295 4025 mutationem
1308 3988 1455 4025 suam
1474 3970 1743 4039 praesentit
1753 3980 1808 4025 et

786 4045 1035 4116 predicit-

848 4122 964 4193 657.
1001 4128 1313 4180 Praererlun!
1338 4127 1570 4195 mesala.
1615 4124 1807 4182 Occu-

783 4210 913 4271 pant
938 4220 1024 4256 me
1049 4214 1104 4257 et
1122 4202 1453 4276 impediunt}
1477 4206 1672 4261 namin
1690 4206 1806 4260 satis

783 4289 898 4338 erat
913 4318 931 4349 ,
965 4289 1028 4337 ut
1049 4292 1284 4337 verterer
1318 4283 1376 4337 in
1413 4302 1622 4353 equam.
1659 4285 1805 4356 Ergo

1910 2400 2274 2467 transformor,
2287 2398 2589 2469 priusquam
2604 2395 2926 2451 finierimva·

1909 2480 2163 2534 ticinium.
2174 2506 2242 2521 -
2259 2481 2586 2536 Praecludm.
2612 2478 2853 2532 solemne
2870 2478 2924 2531 in

1909 2557 2006 2613 hac
2026 2578 2099 2612 re.
2114 2557 2392 2623 Phaeer,
2415 2557 2517 2611 sab.
2541 2574 2619 2623 11,
2648 2556 2926 2611 atizwcen

1900 2640 2362 2703 preclude'lnrelus,·
2379 2636 2413 2687 s.
2429 2650 2570 2689 xxm
2582 2672 2597 2699 ‚
2625 2638 2657 2687 5
2671 2672 2686 2697 ,
2704 2638 2926 2702 hingem

1897 2718 2218 2781 praeludere.
2235 2741 2305 2754 -
2324 2711 2507 2766 Codex
2525 2722 2708 2767 noster
2729 2711 2926 2782 Regius

1908 2793 1954 2846 B
1969 2833 1986 2860 ‚
2024 2793 2181 2846 babet
2198 2796 2531 2860 praevertitur,
2577 2789 2673 2845 sed
2697 2792 2876 2845 forsan
2896 2809 2927 2842 e

1907 2870 2088 2942 glossa.
2119 2872 2238 2925 Edq

1970 2948 2085 3001 653.
2115 2951 2350 3016 Cognata
2365 2967 2605 3016 corpora,
2631 2947 2756 3016 quia
2779 2956 2927 3016 pater

1907 3047 1970 3081 ex
2004 3037 2148 3097 parte
2184 3046 2366 3095 equus.
2408 3026 2516 3079 sed
2556 3025 2642 3079 ille
2677 3046 2741 3079 ex
2778 3036 2926 3095 parte

1906 3115 2116 3159 tantum
2145 3117 2199 3159 et
2222 3105 2474 3173 ὖιῙονπιίε,
2515 3123 2611 3159 cur
2640 3103 2807 3174 igitur
2828 3122 2926 3173 ego

1905 3192 2015 3238 tola
2035 3197 2213 3240 vertor
2241 3184 2299 3239 in
2323 3182 2562 3252 equam?
2603 3209 2672 3222 -
2695 3183 2917 3250 Nempe,

1907 3264 2116 3333 quippe·

1973 3342 2088 3397 665.
2129 3346 2281 3396 Talia
2300 3347 2500 3397 dtkentat
2537 3342 2740 3396 Passim
2766 3340 2928 3395 ovid.

1907 3423 2062 3494 fingit
2078 3463 2094 3490 ‚
2116 3423 2276 3477 verba
2290 3422 2553 3493 loquentis
2570 3422 2795 3491 abrupta
2815 3441 2926 3476 esse

1903 3504 2015 3573 ipsa
2038 3503 2500 3557 transformatione
2512 3541 2532 3569 ‚
2555 3512 2616 3555 ut
2634 3501 2750 3554 363.
2773 3499 2926 3554 Idem

1904 3600 2051 3635 nunc
2073 3580 2225 3634 latius
2256 3591 2473 3648 tractat,
2510 3591 2566 3633 et
2590 3579 2874 3633 transitmn
2895 3597 2926 3631 a

1904 3677 2031 3714 voce
2055 3656 2290 3715 bumana
2311 3657 2380 3711 ad
2403 3656 2641 3711 hinnitus
2665 3654 2926 3725 gradatim

1906 3735 2177 3803 describit,
2205 3747 2263 3790 ut
2285 3735 2382 3791 585
2408 3755 2514 3805 seq.
2535 3735 2600 3788 ab
2625 3734 2834 3789 incessu
2855 3731 2926 3786 ad

1905 3815 2153 3870 volatum.
2193 3817 2258 3871 ln
2282 3815 2500 3879 talibus,
2532 3814 2727 3885 quippe
2756 3831 2928 3884 argu-

1903 3893 2019 3960 tiis,
2037 3894 2229 3965 placuit
2243 3893 2370 3948 sibi
2356 3893 2629 3963 ingenium
2655 3902 2841 3962 poete.
2860 3918 2927 3934 --

1903 3973 2073 4025 Fuere.
2107 3970 2332 4025 Heinsio
2366 3969 2647 4041 aliquando
2689 3967 2927 4039 placebat

1887 4048 2153 4117 struatur,
2185 4060 2245 4103 ut
2267 4049 2379 4117 483.
2401 4076 2468 4091 —
2489 4047 2668 4102 Nostri
2695 4046 2926 4101 Codices

1903 4127 1951 4180 A
1980 4140 2033 4183 et
2065 4128 2111 4181 B
2131 4127 2390 4196 Usuerna!
2421 4125 2524 4181 Ed.
2559 4153 2628 4167 -
2652 4127 2922 4179 Sta-ulan-

1901 4211 1992 4268 !is,
2024 4205 2294 4260 imitantis.
2324 4205 2456 4259 Mox
2475 4208 2583 4259 edit
2600 4212 2768 4258 certos
2788 4207 2920 4257 kab-

1899 4289 2038 4338 nitus
2049 4324 2066 4351 ,
2093 4284 2272 4355 quales
2284 4303 2438 4339 verus
2451 4302 2618 4356 equus
2634 4281 2775 4369 edit,
2803 4300 2916 4335 non
