3217 5134
782 525 870 591 80

1245 584 1251 590 .
1358 525 1435 594 P.
1489 526 1860 596 OVIDII
1916 526 2382 599 NASONIS

781 663 1035 740 Ardeat
1054 721 1074 755 ,
1110 681 1178 740 et
1209 666 1443 741 mundi
1473 666 1684 742 moles
1718 697 2001 770 operosa
2033 668 2312 745 laboret.

780 781 948 858 Tela
976 801 1428 885 reponuntur,
1459 786 1772 860 manibus
1798 785 2121 861 fabricata
2156 786 2568 889 Cyclopum:

779 900 987 975 Poena
1018 900 1236 1003 placet
1264 901 1554 988 diversa,
1594 932 1805 999 genus
1838 902 2119 978 mortale
2152 904 2281 979 sub
2315 902 2518 978 undis

2810 924 2907 977 260

780 1016 1094 1105 Perdere,
1129 1034 1196 1091 et
1224 1045 1303 1092 ex
1341 1017 1523 1091 omni
1554 1018 1827 1094 nimbos
1858 1019 2187 1095 dimittere
2217 1017 2397 1093 eaelo.

777 1132 1099 1209 Protinus
1133 1133 1377 1209 AEoliis
1405 1134 1813 1237 Aquilonem
1849 1134 2099 1211 claudit
2131 1135 2203 1209 in
2236 1135 2446 1209 antris
2465 1187 2489 1221 ‚

776 1253 871 1325 Et
905 1278 1333 1352 quaecumque
1366 1250 1600 1345 fugant
1634 1250 1940 1326 inductas
1970 1250 2232 1325 flamina
2269 1250 2486 1324 nubes
2516 1276 2534 1337 ;

778 1368 1179 1469 Emittitque
1210 1370 1464 1444 Notum
1494 1398 1512 1442 ε
1543 1364 1826 1443 madidis
1859 1368 2081 1442 Notus
2111 1364 2328 1440 evolat
2358 1364 2515 1454 alia,
2626 1383 2633 1394 '

776 1546 861 1613 34ς
889 1544 1122 1600 Lactant.
1147 1545 1212 1598 de
1242 1543 1327 1597 Ira
1347 1582 1363 1611 ‚
1383 1543 1464 1598 23.
1491 1541 1795 1598 Commode

774 1633 931 1695 poeta
942 1623 1110 1678 hocin
1123 1641 1274 1677 suam
1288 1642 1404 1676 rem
1423 1623 1664 1678 vertit.—
1678 1625 1799 1677 Cor·-

773 1707 916 1770 repla
929 1740 943 1762 .
958 1701 1149 1756 scilicet
1164 1699 1406 1756 flammis.
1421 1731 1488 1744 —
1498 1701 1796 1754 blandino·

774 1784 851 1831 les
881 1797 991 1832 non
1026 1777 1091 1833 de
1120 1779 1233 1834 solo
1255 1779 1383 1833 celo
1404 1779 1637 1849 ceperim
1669 1798 1794 1834 cum

774 1857 1018 1912 Gesnero
1034 1896 1050 1924 ,
1077 1856 1169 1912 aed
1187 1856 1253 1911 de
1272 1867 1384 1911 toto
1398 1858 1660 1912 universo.
1680 1858 1796 1913 An·

773 1947 858 1990 tea
871 1946 1042 2007 partes
1051 1934 1239 1990 mundi
1248 1936 1636 2003 nominaverat,
1647 1956 1795 1992 nunc

773 2016 924 2087 ponit
937 2016 1259 2070 universum.
1278 2014 1498 2071 Lucr.V
1510 2054 1527 2085 ,
1552 2015 1793 2088 96:212!-

772 2102 946 2165 tosque
957 2113 1055 2164 per
1065 2113 1229 2147 annos
1253 2093 1544 2147 &stentem
1563 2100 1677 2147 mel
1692 2112 1791 2146 uzo-

770 2178 847 2226 Ies
867 2180 922 2226 et
939 2175 1176 2227 machelm
1197 2174 1384 2225 mundi.
1417 2170 1522 2225 Sed
1546 2171 1706 2225 etiam
1733 2171 1787 2224 in

767 2271 977 2320 operosa
984 2251 1153 2305 disten
1161 2251 1643 2320 tiuntlnterpretes.
1656 2248 1791 2304 Ges-

768 2349 931 2384 nerus
947 2327 1188 2398 explioet,
1204 2327 1390 2384 caelum
1406 2367 1421 2394 ‚
1440 2325 1583 2397 quod
1600 2328 1656 2380 in
1673 2347 1789 2397 per·

770 2419 934 2479 petuo
967 2417 1118 2459 motu
1156 2415 1249 2459 est.
1290 2405 1407 2475 Ego
1443 2424 1571 2459 vero
1604 2406 1785 2459 malim

770 2504 895 2541 cum
921 2482 1224 2539 Schiracbio
1242 2522 1257 2549 ,
1296 2481 1561 2536 mundum
1592 2502 1787 2554 magno

770 2561 991 2616 artificio
1003 2561 1309 2614 fabricatum
1323 2559 1630 2631 intelligere.
1646 2562 1787 2616 Nam

767 2640 842 2695 sic
862 2639 1019 2693 etiam
1060 2639 1263 2693 Seneca
1287 2638 1569 2707 intellexit,
1605 2640 1694 2709 qui
1727 2640 1785 2693 in

770 2718 950 2789 Epigr.
975 2716 1141 2772 Catal.
1160 2717 1300 2772 Pith.
1315 2738 1365 2789 p.
1390 2718 1450 2770 31
1469 2757 1486 2786 ,
1505 2717 1648 2772 hunc
1670 2736 1788 2771 noa-

768 2810 914 2853 trum
931 2797 1104 2852 locum
1123 2797 1353 2852 imitatus
1378 2807 1458 2852 est
1479 2801 1787 2866 :nolespul-

766 2878 1012 2932 cherrima
1058 2879 1177 2930 celi
1202 2876 1257 2928 A
1259 2878 1421 2928 rdebe'l
1428 2879 1658 2946 flammis
1692 2896 1785 2929 re-

762 2960 914 3023 penle
935 2957 1060 3007 sutis.
1086 2953 1156 3005 Et
1179 2954 1313 3006 infra
1337 2954 1440 3006 XV
1456 2993 1472 3021 ,
1496 2953 1595 3007 666
1614 2994 1629 3020 ‚
1656 2962 1783 3007 tem-

758 3034 856 3101 pla
874 3050 1087 3100 operosa
1102 3041 1227 3084 sunt
1243 3030 1515 3086 artificiose
1538 3041 1752 3085 :zu-ueta.

835 3113 951 3166 258.
974 3114 1195 3164 Labore!
1202 3152 1215 3172 ‚
1246 3121 1471 3165 corruat.
1497 3110 1705 3164 Lucret-
1724 3110 1750 3164 Ι
1764 3150 1780 3179 ,

768 3193 867 3264 849
885 3230 900 3257 ,
927 3191 1155 3242 laborare
1175 3199 1230 3242 et
1244 3194 1408 3255 perire
1428 3187 1717 3257 coniunxit.

837 3272 948 3341 ²59·
988 3269 1113 3319 Tela
1128 3307 1142 3328 ‚
1193 3266 1413 3320 fulmina
1445 3306 1460 3333 ‚
1512 3272 1618 3326 Διὸς
1651 3270 1782 3336 βίλῃ.

768 3345 914 3401 Hinc
937 3343 1153 3414 Jupiter
1180 3343 1401 3396 fulmina
1430 3345 1688 3411 ἄκοντιζει,
1730 3353 1784 3397 et

750 3428 1033 3496 jaculatur.
1052 3426 1283 3478 Deversa.
1302 3423 1488 3478 Senec.
1504 3424 1571 3478 N.
1585 3421 1659 3492 Q.
1676 3423 1779 3491 111,

765 3505 832 3559 28
854 3515 980 3559 extr.

834 3583 924 3637 261
934 3621 946 3634 .
960 3584 1239 3635 Diim‘tlere.
1256 3579 1492 3649 Quidam
1512 3584 1780 3636 dcm'uere.

767 3660 933 3714 Alter.
950 3659 1136 3713 melius
1151 3699 1166 3726 ,
1192 3658 1312 3728 quia
1336 3657 1545 3712 additur
1563 3679 1630 3711 ex
1645 3664 1790 3713 omni

764 3744 885 3794 celo
902 3737 1048 3791 :vide
1062 3739 1248 3792 Burm-
1271 3738 1430 3792 Unus
1445 3776 1461 3804 ,
1483 3737 1780 3805 dtsfundem.

833 3817 943 3870 262.
974 3818 1211 3869 Pmlinus
1254 3818 1439 3868 AEoms
1474 3825 1569 3868 etr.
1601 3816 1779 3870 ‘Locus

763 3894 1042 3967 praelarus
1070 3894 1219 3962 cujus
1254 3893 1617 3946 inventionem
1640 3912 1777 3963 poe-

764 3975 920 4029 tioem
944 3972 1199 4043 intelliges
1216 4011 1231 4039 ,
1263 3971 1303 4025 si
1328 3971 1617 4041 simplicem
1640 3972 1780 4042 cogi-

763 4053 953 4108 taveris
973 4050 1332 4106 narrationem
1354 4071 1367 4105 ;
1393 4049 1557 4104 nimbi
1583 4048 1778 4119 delapsi

762 4141 890 4185 sunt
907 4169 923 4199 ,
948 4149 1127 4184 amnes
1143 4127 1475 4184 exundat-unt
1491 4168 1507 4195 ,
1531 4147 1778 4182 oceanus·

764 4228 866 4278 que
891 4208 1065 4263 obruit
1089 4218 1298 4261 terram.
1322 4206 1415 4260 lna
1431 4225 1555 4260 vero
1578 4207 1776 4259 mirum

761 4287 818 4342 in
836 4285 1058 4341 modum
1075 4287 1377 4342 animantur
1388 4325 1405 4357 ‚
1424 4305 1590 4357 quum
1609 4288 1776 4342 Notus

1892 1543 2041 1597 Deus
2053 1540 2339 1609 inducitur,
2358 1543 2458 1595 Iris
2473 1540 2639 1595 nubes
2654 1538 2764 1612 alit,
2788 1542 2913 1609 Nep·

1890 1628 2043 1674 tanus
2061 1618 2257 1674 Jovem
2278 1619 2492 1689 adjuvat
2505 1657 2521 1685 ‚
2546 1620 2784 1686 Deosque
2797 1638 2913 1670 aa·

1889 1702 2026 1750 mimz
2058 1705 2342 1763 convocat,
2382 1705 2479 1749 etc.
2512 1693 2782 1749 Caeterum
2810 1713 2913 1748 nec
2942 1747 2955 1754 ,

1890 1774 1975 1828 hic
1999 1775 2142 1829 locus
2164 1773 2226 1829 ad
2248 1773 2480 1847 physicas
2495 1773 2725 1828 rationes
2740 1772 2908 1827 subti-

1888 1854 2010 1908 liter
2033 1854 2332 1925 exigendua.
2363 1853 2448 1908 Ad
2479 1854 2589 1908 illas
2617 1854 2683 1908 de
2710 1854 2910 1908 diluvio

1890 1931 2120 2003 disputat
2145 1932 2348 1987 Seneca
2373 1933 2441 1988 N.
2475 1932 2549 2003 Q.
2577 1933 2696 2000 111,
2731 1953 2811 2003 ²7·
2841 1958 2911 1974 -—·

1886 2010 2077 2080 Aquilo
2098 2050 2113 2074 ,
2163 2012 2283 2081 quia
2330 2010 2473 2081 pellit
2505 2013 2674 2066 nubea
2702 2050 2719 2078 ,
2767 2010 2911 2080 apud

1889 2100 2068 2160 poetas
2089 2094 2258 2144 clarus
2281 2100 2335 2143 et
2359 2094 2686 2166 αἶθριγενέτης.
2710 2089 2772 2143 In
2798 2107 2910 2143 una
2956 2155 2965 2160 -

1886 2190 1949 2224 ex
1971 2169 2150 2224 insulis
2172 2172 2360 2223 AEoliclr
2377 2169 2476 2223 suit
2501 2169 2642 2222 AEoli
2665 2167 2828 2223 sedes.
2857 2168 2909 2222 12

1888 2258 2076 2302 ventos
2104 2248 2185 2301 vel
2224 2248 2275 2300 in
2306 2257 2458 2314 utre,
2499 2258 2556 2300 ut
2582 2247 2750 2317 placet
2773 2248 2904 2300 Ho-

1885 2344 2037 2379 mero
2052 2324 2161 2380 Od.
2176 2352 2232 2393 κ,
2265 2347 2284 2378 ι
2304 2344 2445 2395 ,sqq.
2460 2364 2477 2392 ,
2493 2325 2604 2392 vel,
2628 2324 2772 2394 quod
2791 2325 2907 2394 plus

1888 2403 2155 2475 dignitatis
2166 2402 2322 2457 habet
2332 2440 2348 2470 ,
2364 2414 2518 2472 atque
2529 2403 2690 2455 etiam
2708 2422 2737 2455 a
2754 2402 2906 2472 Virg.

1885 2482 2011 2536 AEn.
2038 2481 2099 2547 l,
2128 2484 2189 2534 52
2210 2520 2225 2547 ‚
2252 2480 2525 2550 prelatum
2544 2491 2623 2535 est
2640 2521 2656 2550 ,
2682 2482 2735 2534 in
2758 2493 2908 2536 vasto

1882 2568 2031 2615 antro
2053 2560 2280 2629 ipclusos
2300 2572 2471 2624 tenet3
2498 2580 2735 2616 cavernae
2756 2561 2907 2614 enim

1880 2641 2237 2695 subterranea
2260 2639 2429 2710 plenae
2453 2650 2578 2693 sunt
2600 2651 2905 2694 ventorum.

1883 2719 2001 2791 Ipse
2022 2719 2167 2773 sedet
2191 2720 2246 2773 in
2266 2719 2537 2773 cacumine
2561 2720 2785 2786 montis,
2810 2730 2869 2774 et
2886 2762 2903 2788 ,

1880 2811 2039 2870 prout
2060 2801 2288 2870 postulat
2304 2799 2439 2854 salus
2464 2799 2653 2854 mundi
2671 2839 2688 2867 ,
2714 2812 2903 2856 ventos

1879 2878 1962 2932 vel
1982 2889 2188 2932 coercet
2208 2918 2223 2945 ,
2247 2878 2328 2932 vel
2347 2878 2555 2932 emittit.
2579 2879 2710 2948 Quo
2729 2890 2903 2950 poetoe

1879 2956 1954 3010 nil
1976 2956 2115 3010 aliud
2136 2956 2428 3026 significare
2454 2957 2771 3024 voluerunt,
2796 2959 2902 3013 nisi

1878 3033 2008 3100 hoc,
2038 3045 2092 3088 et
2115 3034 2389 3089 utilitatem
2409 3045 2461 3089 et
2482 3035 2589 3088 vim
2613 3046 2901 3090 ventorum

1880 3131 1988 3166 esse
2016 3123 2215 3166 tantam
2231 3153 2247 3180 ‚
2268 3122 2328 3165 ut
2346 3112 2400 3166 bi
2420 3132 2630 3183 quoque
2652 3133 2793 3167 cure
2808 3113 2898 3168 di-

1879 3192 2013 3246 vinoe
2022 3193 2240 3260 subjecti
2251 3213 2360 3247 ease
2375 3193 2671 3256 videanturz
2683 3194 2737 3247 id
2751 3194 2897 3264 quod

1879 3269 2346 3326 accommodarunt
2359 3274 2640 3343 puerilibus
2656 3272 2784 3327 ideis
2803 3292 2898 3328 an·

1879 3348 2290 3417 tiquissimorum
2305 3360 2359 3403 et
2372 3349 2583 3404 rudium
2595 3350 2895 3406 hominum.

1881 3425 1952 3478 H.
1969 3425 2005 3479 l.
2027 3425 2241 3495 Jupiter
2261 3426 2366 3496 ipae
2391 3428 2671 3498 imperium
2686 3440 2897 3483 exercet

1875 3503 1932 3556 in
1951 3513 2153 3571 ventos,
2169 3515 2229 3558 ut
2242 3504 2380 3575 apud
2399 3505 2532 3558 Hor.
2550 3505 2576 3559 1
2591 3545 2606 3571 ,
2627 3505 2730 3560 od.
2750 3520 2891 3573 xm,

1876 3582 1936 3649 3,
1966 3582 2183 3636 Nereus.
2208 3585 2395 3636 Induce‘
2410 3583 2619 3653 proprie
2644 3583 2897 3637 dicuntur

1876 3659 2076 3713 colores
2096 3679 2125 3712 a
2147 3659 2458 3728 pictoribus:
2483 3659 2609 3713 hinc
2624 3661 2894 3730 eleganter

1874 3741 2190 3794 transfertur
2225 3740 2291 3794 ad
2323 3743 2480 3794 nubes
2505 3781 2518 3800 ‚
2573 3750 2633 3793 ut
2668 3739 2785 3792 alibi
2823 3738 2894 3792 ad

1874 3821 2139 3886 callentem
2163 3827 2217 3870 et
2240 3824 2448 3871 noctem.
2474 3817 2662 3869 Horat.
2690 3816 2716 3869 1
2730 3855 2745 3880 ,
2780 3814 2898 3869 Sat.

1874 3910 1911 3947 v
1926 3933 1941 3960 ‚
1966 3897 2028 3962 4,
2050 3898 2287 3948 inducere
2306 3900 2450 3947 terris
2472 3899 2690 3948 umbras.

1941 3973 2052 4040 264.
2081 3976 2280 4026 Notum.
2308 3975 2469 4026 Notus
2489 3985 2566 4026 est
2588 3972 2737 4027 Deus
2755 4009 2769 4037 ,
2796 3989 2894 4025 cu-

1872 4051 1954 4121 jus
1977 4051 2159 4106 faciem
2187 4050 2539 4105 truculentam
2573 4051 2887 4106 exhibebant

1872 4130 2121 4198 pictores:
2137 4128 2238 4183 vid.
2263 4129 2517 4199 Spencius
2536 4129 2891 4203 Polymnial.

1872 4206 2046 4274 xm,
2078 4218 2233 4276 atque
2258 4208 2417 4262 etiam
2447 4209 2500 4262 h.
2522 4210 2553 4263 l.
2577 4210 2698 4263 satis
2730 4214 2888 4262 terre·-

1870 4288 1991 4341 bem
2025 4296 2254 4357 apparet.
2294 4286 2457 4342 Hunc
2497 4287 2724 4356 emittit,
2764 4286 2886 4358 quia
