3217 5134
567 567 1658 638 METAMORPHOSEON
1712 572 1917 641 LIB.
1977 574 2118 642 VI.

2286 576 2409 660 431

280 738 317 771 »
357 704 653 802 Quaerite
686 736 904 797 nune,
938 708 1185 784 habeat
1214 739 1413 810 quam
1447 727 1681 785 nostra
1711 711 2027 813 snperbia
2061 741 2322 789 causam
2351 747 2367 790 ε

281 856 319 887 »
356 823 602 897 Nescio
640 851 908 926 quoque
946 826 1182 901 audete
1214 843 1422 901 satam
1456 825 1776 901 Titanida
1811 824 1976 902 Coeo
2329 854 2422 910 185

278 975 315 1006 »
356 942 682 1017 Latonam
716 943 1021 1044 praeferre
1051 941 1258 1031 mihi3
1296 943 1406 1018 cui
1439 942 1722 1018 maxima
1755 944 2092 1045 quondam

280 1090 316 1120 n
355 1057 686 1153 Exiguam
720 1057 943 1133 sedem
975 1060 1291 1160 pariturae
1324 1077 1499 1134 terra
1528 1058 1816 1157 negavit.

218 1258 226 1265 ,
279 1208 315 1241 »
349 1178 496 1252 'Nec
527 1174 686 1251 caelo
708 1233 727 1265 ‚
757 1205 882 1252 nec
915 1179 1161 1265 humo,
1199 1206 1322 1252 nec
1350 1179 1542 1279 aquis
1571 1178 1715 1253 Dea
1741 1196 1957 1253 vestra
1980 1200 2249 1284 recepta
2282 1204 2420 1259 est:

277 1323 317 1356 »
353 1292 569 1367 Exsul
598 1312 739 1368 erat
767 1294 1003 1368 mundi
1031 1325 1048 1382 ;
1084 1295 1297 1369 donec
1327 1290 1639 1370 miserata
1671 1312 2056 1391 vagantem,

278 1441 317 1473 n
355 1409 648 1510 Hospita
682 1426 763 1484 tu
791 1410 986 1485 terris
1020 1439 1237 1501 erraS‚
1266 1440 1392 1508 ego
1417 1467 1435 1499 ,
1473 1409 1678 1498 dixit,
1714 1411 1786 1483 in
1824 1410 2060 1499 undis;

269 1591 500 1647 studiose
526 1594 879 1663 quaesiverunt
909 1596 1132 1651 Veteres
1148 1635 1163 1662 ,
1189 1596 1297 1649 AEl.

272 1670 342 1723 V.
369 1672 605 1739 H.xl1‚
631 1673 728 1739 353
754 1674 957 1729 Gellius
976 1675 1044 1729 N.
1064 1674 1130 1729 A.
1154 1675 1292 1740 XX,

272 1766 301 1816 7
328 1768 342 1812 ;
378 1747 555 1802 Sebol.
578 1749 763 1821 Eurip.
788 1751 853 1804 ad
866 1751 1067 1806 Pham}
1085 1752 1176 1805 152
1196 1792 1212 1821 ,
1240 1764 1297 1807 et

269 1844 300 1878 e
323 1826 704 1883 recentioribus
736 1827 934 1899 Cuper.
968 1829 1131 1885 Obsv.
1171 1831 1258 1884 111
1277 1872 1292 1897 ,

273 1923 322 1973 7.
346 1905 543 1959 Noster
554 1918 807 1976 sequutus
820 1919 901 1963 est
914 1908 1099 1978 Eurip.
1116 1908 1294 1963 AEsch.

270 1981 544 2053 Adstoph.
559 1984 773 2038 Lasium
797 2025 811 2052 ,
838 1986 928 2055 qui
942 1998 1145 2056 septem
1162 1985 1297 2039 filios

269 2060 604 2132 totidemque
627 2063 758 2117 filias
782 2064 968 2118 Niobe
980 2063 1189 2117 dabant.
1208 2064 1297 2117 Sic

269 2150 328 2193 et
346 2140 593 2212 Hyginus
607 2180 621 2207 ,
645 2140 1001 2212 Apollodorus
1014 2181 1029 2208 ,
1047 2152 1102 2195 et
1118 2140 1297 2195 Scho-

267 2218 447 2275 liastes
495 2220 762 2291 Euripidis
791 2262 806 2289 ‚
855 2240 887 2275 e
948 2220 1298 2293 Cresphonte.

270 2299 552 2352 Homerus
594 2318 706 2353 non
752 2301 855 2355 nisi
894 2319 982 2355 sex
1029 2301 1300 2370 utriusque

266 2395 425 2431 sexus
440 2377 978 2444 numerat,Hesiodus
991 2387 1045 2431 et
1057 2377 1301 2431 AElianus

266 2455 501 2509 omnino
540 2455 726 2527 viginti
748 2496 764 2525 ,
818 2452 1130 2512 Herodotus
1169 2456 1299 2511 duos

266 2536 411 2591 filios
429 2576 445 2605 ,
474 2547 581 2591 tres
600 2536 748 2591 filias.

332 2637 354 2668 1
363 2617 443 2668 85.
460 2616 647 2669 Nescio
658 2632 848 2685 quoque
856 2624 952 2669 etc.
974 2615 1116 2670 Cum
1129 2615 1296 2686 splen·

268 2692 396 2746 dida
436 2711 531 2747 sua
568 2692 781 2747 fortuna
816 2704 1085 2764 comparat
1126 2692 1297 2747 mise-

269 2790 389 2824 ram
430 2771 648 2825 Latonae
674 2782 870 2827 sortem
889 2812 905 2840 ,
945 2770 1011 2826 de
1038 2790 1141 2842 qua
1174 2771 1296 2825 Ho-

270 2870 405 2903 mer.
425 2849 476 2903 h.
502 2849 673 2919 Apoll.
707 2860 762 2903 et
788 2848 1139 2904 Callimachus
1156 2849 1211 2904 h.
1239 2850 1295 2903 in

272 2928 449 3000 Delph
457 2967 468 2979 .
495 2928 591 2983 ade
596 2928 997 2986 undis-Nescia
1009 2948 1196 2999 quoque
1209 2949 1297 2982 an·

273 3011 401 3063 dete.
430 3007 511 3061 lta
535 3007 647 3062 hnc
674 3007 833 3060 verba
852 3006 1105 3061 Heinsius
1128 3024 1295 3060 cons—

272 3087 419 3140 tituit
464 3085 625 3140 ductu
666 3085 965 3140 Florentini
1016 3084 1203 3155 optimi
1244 3094 1297 3138 et

274 3162 416 3216 tertii
438 3161 669 3216 Medicei
685 3204 700 3230 ‚
726 3172 954 3232 quorum
976 3161 1063 3215 ille
1079 3201 1093 3228 ,
1112 3163 1300 3215 Nescio

273 3259 465 3309 quoque
515 3243 689 3294 audire
734 3248 903 3293 satam
924 3280 940 3304 ‚
988 3238 1073 3292 hic
1110 3240 1298 3293 Nescio

272 3338 467 3388 quoque
486 3322 667 3372 audete
683 3324 937 3386 gestatam.
961 3316 1155 3371 Scabra
1176 3314 1299 3369 satis

273 3409 401 3452 sunt
429 3399 588 3452 verba
612 3403 670 3451 'et
693 3398 856 3462 dura;
881 3395 1111 3451 ostendit
1136 3397 1295 3450 etiam

274 3496 368 3545 que
392 3496 407 3530 .·
431 3475 521 3529 sed
567 3474 777 3531 difficile
808 3487 886 3529 est
916 3516 932 3544 ,
976 3477 1088 3529 sine
1129 3473 1296 3527 MSS.

275 3554 589 3624 adjumento
633 3553 825 3624 aliquid
865 3553 1051 3608 melius
1096 3552 1296 3606 substi-

275 3644 444 3687 tuere.
455 3633 681 3703 Vulgata
696 3633 918 3686 habebat
937 3633 1297 3700 Quoquemodo

270 3716 474 3765 audete?
491 3716 729 3780 genitam.
755 3710 836 3763 Ex
858 3711 955 3764 hac
968 3706 1298 3763 emendatio·-

272 3808 340 3843 ne
362 3789 572 3844 Heinsii
588 3788 722 3842 ordo
738 3799 793 3842 et
812 3806 993 3842 sensus
1009 3787 1294 3840 verborum

268 3870 311 3922 is
347 3879 427 3923 est
466 3887 479 3921 τ
520 3875 574 3920 et
603 3870 785 3920 audete
828 3869 1081 3920 Latonam
1125 3869 1295 3918 nescio

267 3965 368 4014 quo
387 3944 786 4016 (contemptim)
804 3947 924 3997 Caeo
940 3940 1295 3997 salome-Co·

268 4026 369 4080 dex
408 4026 606 4096 Regius
634 4027 681 4079 A
715 4025 874 4080 habet
919 4027 1123 4090 Quoque
1146 4024 1293 4075 modo

268 4109 472 4157 audem
504 4110 761 4173 generamg
791 4103 975 4157 Codex
996 4102 1043 4154 B
1066 4140 1082 4169 ,
1112 4103 1296 4153 Nesc1'o

269 4202 463 4253 quoquo
483 4186 665 4236 audete
678 4190 860 4237 salam.
886 4180 1065 4233 Lectio
1083 4176 1293 4231 Codicis

272 4264 321 4316 A
341 4302 357 4331 ,
384 4281 503 4333 quae
527 4274 607 4316 est
632 4262 851 4332 vulgatae
869 4301 884 4327 ‚
906 4257 1044 4312 baud
1062 4257 1292 4309 multum

272 4344 439 4413 placet
456 4383 472 4413 ,
498 4343 590 4397 sed
613 4353 754 4396 recta
769 4353 861 4396 est.
889 4338 1072 4394 Codex
1090 4338 1133 4392 B
1152 4356 1295 4391 non-

2325 1451 2422 1509 ¹9⁰

1395 1592 1528 1650 nihil
1551 1594 2041 1650 habetsalebrosum
2064 1618 2077 1661 ;
2104 1606 2155 1650 at
2179 1599 2322 1668 quod
2339 1601 2425 1655 ha-

1391 1674 1551 1729 bebat
1570 1674 1655 1727 vir
1671 1671 1753 1727 Gl.
1780 1677 1971 1743 Ge'erig.
1986 1715 2000 1738 ‚
2027 1672 2216 1730 Neri-Io
2236 1690 2426 1749 quoque

1390 1755 1572 1806 audete
1588 1757 1836 1821 genItatn,
1858 1772 2012 1822 grave
2029 1750 2291 1809 mendum
2309 1770 2421 1823 est,-

1391 1830 1494 1885 hoc
1524 1828 1956 1895 emendavimus,
1996 1831 2221 1886 Heinsio
2259 1836 2379 1889 freti
2409 1858 2421 1889 ε

1392 1925 1514 1961 raro
1560 1906 1777 1977 quidem
1813 1908 2031 1975 ponitur
2075 1916 2126 1963 τὲ
2169 1930 2264 1978 que
2306 1927 2425 1983 post

1392 1990 1564 2039 nescio
1577 1990 1725 2053 quim
1745 1995 1922 2038 tamen
1944 2004 2110 2054 quum
2125 2007 2234 2042 uno
2253 2001 2423 2046 tractu

1394 2063 1597 2132 legatur
1631 2069 1801 2115 ιιι-,σεῖο
1830 2068 1972 2131 quis,
2020 2066 2166 2133 quasi
2192 2066 2425 2136 adjecti-

1394 2160 1518 2208 vus,
1554 2141 1631 2195 nil
1667 2142 1839 2197 obstat
1867 2142 2151 2213 quominus
2181 2146 2425 2204 admittat

1397 2229 1514 2288 post
1557 2223 1672 2287 que's
1716 2219 1802 2273 vel
1839 2238 1934 2289 quo
1966 2221 2275 2292 particulam
2313 2246 2424 2294 que.

1396 2295 1599 2365 Tanaq.
1621 2295 1811 2364 Faber,
1837 2297 1920 2351 cui
1944 2317 2101 2353 suum
2117 2311 2273 2370 caput
2289 2341 2305 2368 ,
2328 2322 2423 2356 sua

1389 2374 1552 2428 libido
1578 2386 1688 2444 est,
1716 2395 1828 2430 non
1857 2377 2033 2433 timuit
2059 2390 2267 2435 mutare
2292 2392 2419 2437 tex-

1393 2462 1510 2509 tum
1528 2495 1543 2522 ‚
1571 2470 1684 2508 non
1709 2454 1987 2510 infeliciter
2003 2497 2020 2525 ,
2047 2457 2141 2512 sed
2165 2460 2280 2515 sine
2296 2480 2423 2516 auc-

1393 2533 1602 2588 toritate
1626 2575 1642 2604 ,
1665 2532 1747 2589 his
1771 2536 1945 2590 verbis
1966 2555 1979 2590 ε
2007 2540 2081 2613 ΕΙ
2095 2556 2228 2595 nunc
2249 2549 2423 2595 nescio

1390 2630 1486 2679 quo
1505 2616 1731 2680 genitam
1764 2612 2009 2666 Titanida
2036 2616 2153 2668 Coeo
2166 2617 2421 2671 Lalouam

1380 2689 1616 2758 prescrie
1655 2691 1820 2743 mhi!
1859 2688 1960 2744 Ed.
1984 2719 2051 2732 -
2073 2680 2420 2749 Fuit⁸autem

1397 2768 1544 2821 Ceus
1567 2788 1706 2823 unus
1728 2788 1790 2821 ex
1805 2769 2082 2825 Titanibus
2097 2812 2112 2837 ,
2139 2775 2290 2842 cujus
2313 2775 2421 2830 filia

1393 2843 1594 2898 Latona
1611 2844 1786 2898 aJove
1803 2864 2099 2916 compressa
2112 2848 2416 2917 Apollinem

1390 2920 1548 2976 simul
1579 2932 1636 2976 et
1671 2921 1906 2976 Dianam
1939 2924 2195 2995 concepit.

1464 3001 1570 3055 186.
1603 3002 1707 3054 Cae·
1726 3006 2000 3069 mamma...
2026 3008 2159 3055 let-m
2184 3010 2420 3071 negavit,-

1391 3078 1427 3131 J
1431 3077 1755 3148 urejurando
1771 3079 2118 3134 obstrinxerat
2135 3081 2172 3133 J
2176 3099 2284 3133 uno
2299 3100 2424 3136 om—-·

1392 3178 1488 3213 nes
1528 3169 1695 3214 terras
1738 3179 1807 3213 ne
1846 3161 2162 3229 parturienti
2199 3158 2418 3217 Latonae

1391 3237 1568 3291 locum
1595 3236 1953 3293 concederent
1976 3257 1990 3293 t
2013 3238 2166 3293 latuit
2185 3251 2298 3294 tum
2321 3242 2419 3297 sub

1392 3318 1538 3387 aquis
1551 3316 1716 3372 Delos
1739 3318 1942 3386 insula,
1970 3329 2130 3389 quam
2145 3336 2416 3391 emergere

1391 3398 1541 3466 jussit
1590 3399 1894 3469 Neptunus·
1919 3408 1973 3452 et
2018 3401 2197 3452 locum
2231 3411 2416 3470 partu·

1389 3476 1546 3529 rienti
1569 3476 1801 3547 praebere
1833 3498 1846 3531 2
1881 3476 1998 3529 vide
2021 3476 2158 3531 infra
2181 3497 2298 3548 quc
2323 3478 2417 3531 ad·-

1393 3553 1470 3608 dit
1501 3556 1689 3623 Gien'g.
1724 3552 1789 3607 de
1823 3553 1991 3607 insula
2013 3554 2168 3609 Delo.
2196 3558 2296 3610 Ed.
2330 3556 2418 3610 De

1391 3633 1658 3686 erroribus
1679 3633 1897 3686 Latonae
1918 3634 2285 3702 parturientis,
2311 3634 2411 3687 vid.

1393 3704 1619 3766 Homer.
1657 3710 1711 3766 h.
1737 3710 1912 3783 Apoll.
1938 3716 2034 3783 30,
2080 3726 2134 3768 et
2173 3714 2238 3769 de
2277 3714 2416 3769 Delo

1391 3798 1631 3845 miserata
1668 3799 1935 3859 vagantem
1949 3833 1962 3855 ‚
1998 3808 2129 3847 vers.
2169 3792 2230 3846 61
2259 3813 2372 3863 sqq.
2399 3835 2414 3861 ‚

1391 3879 1444 3923 et
1471 3869 1678 3923 Callim.
1699 3867 1753 3922 h.
1779 3869 1900 3923 Del.
1924 3889 2018 3923 ποι
2048 3873 2425 3941 sqq—Exsul

1390 3950 1570 4000 mundi
1606 3946 1792 4001 eadem
1833 3949 2034 4019 syntaxi
2061 3988 2076 4014 ‚
2127 3965 2230 4017 qna
2270 3951 2427 4000 exsul

1390 4031 1571 4077 mente}
1592 4065 1607 4087 ,
1644 4024 1898 4093 fugitivus
1936 4032 2078 4094 regni
2123 4036 2219 4079 etc.
2237 4064 2254 4092 ,
2293 4026 2418 4079 vide

1391 4103 1576 4156 Burm.
1600 4101 1848 4155 Graviter
1868 4107 2225 4169 essulmundi,
2247 4123 2412 4175 quum

1391 4181 1475 4234 alii
1516 4191 1605 4233 tan
1613 4190 1727 4233 tum
1761 4180 1868 4233 sint
1903 4185 2104 4235 exsules
2133 4188 2328 4251 patria
2348 4210 2417 4224 --

1392 4261 1505 4326 Ego
1539 4263 1594 4311 in
1628 4262 1792 4311 undt‘s.
1819 4258 1982 4314 Delos
2007 4260 2134 4313 olim
2162 4261 2415 4316 instabilis

1395 4336 1565 4403 (Stat.
1594 4335 1761 4391 Achil.
1788 4336 1814 4390 1
1832 4377 1848 4403 ,
1880 4336 2047 4406 388),
2076 4351 2129 4393 et
2153 4359 2332 4395 errans
2360 4340 2414 4391 in
