3217 5134
833 547 1906 619 METAMoRPnosnoN.
2358 550 2445 644 37

299 688 545 767 thusa
527 719 597 764 m
618 690 855 778 latices,
885 690 1096 799 Lynci
1119 693 1407 795 denique
1430 696 1608 791 regis
1631 695 1702 769 in
1722 696 1905 802 lynca
1926 691 2412 769 mutationibus
2427 748 2448 782 ‚

301 827 505 912 atque
538 809 908 911 Triptolemi
931 802 1336 906 agricultura
1374 814 1551 887 iuter
1593 840 1665 887 se
1698 828 2122 886 certaverant.

399 940 913 1037 L113.V1.Quo
944 940 1251 1045 exemplo
1283 961 1463 1018 mota
1499 943 1721 1018 Pallas
1755 943 1838 1018 de
1873 941 2204 1018 Arachnes
2244 940 2450 1017 exitio

305 1058 643 1154 cogitavit.
682 1060 917 1160 Itaque
935 1058 1108 1133 inito
1129 1087 1280 1134 cum
1299 1090 1372 1136 ea
1393 1060 1660 1135 texendi
1682 1061 2037 1136 certamine
2053 1117 2072 1147 ‚
2095 1077 2454 1161 postquam

304 1175 657 1276 utriusque
696 1174 825 1250 tela
854 1176 1067 1250 ναι-ἰω-
1099 1175 1655 1277 transfhnnatibnes
1685 1175 2211 1280 repraesentavit,
2240 1176 2456 1276 ipsam

305 1291 378 1364 in
409 1318 699 1365 ‹za-aucam
745 1291 1047 1364 mutavit.
1096 1292 1332 1393 Neque
1367 1309 1590 1367 tamen
1617 1292 1828 1368 Niobe
1866 1289 2214 1395 popularis
2255 1290 2460 1390 hujus

305 1434 506 1508 poena
532 1404 875 1480 admonita
909 1423 1039 1497 est,
1080 1435 1217 1508 quo
1250 1408 1475 1483 minus
1508 1437 1578 1483 se
1614 1411 1889 1484 Latonae
1922 1407 2306 1509 praeferret3
2364 1407 2457 1481 ob

308 1552 511 1626 quam
539 1521 895 1613 ferociam,
932 1523 1299 1599 interfectis
1332 1526 1418 1600 ab
1467 1522 1788 1626 Apolline
1848 1541 1917 1599 et
1950 1522 2169 1598 Diana
2225 1520 2459 1597 liberis
2491 1508 2492 1511 Ἴ

308 1640 454 1741 ejus
491 1638 806 1713 omnibus
827 1695 845 1726 ,
883 1638 957 1712 in
983 1668 1208 1739 saxum
1244 1640 1590 1716 obduruit.
1645 1642 1805 1739 Quo
1842 1639 2111 1742 quidem
2145 1640 2460 1735 cognito,

308 1784 487 1831 unus
514 1785 549 1830 e
576 1755 783 1852 vulgo
813 1755 1040 1863 lyuos
1065 1758 1317 1832 rusticos
1338 1746 1623 1834 issranas
1651 1787 1692 1831 a
1716 1759 1978 1831 Latona
2002 1784 2261 1845 versos,
2295 1754 2462 1830 alter
2503 1762 2516 1769 ’

310 1872 634 1979 Mat-yma
661 1872 746 1948 ab
778 1871 1099 1975 Apolline
1135 1874 1543 1950 excoriatum
1576 1874 1651 1947 in
1687 1872 2074 1949 memoriam
2099 1872 2453 1948 revocavit.

307 1990 580 2066 Nioben
633 1989 823 2088 luget
869 1992 1106 2093 Pelops
1128 2050 1147 2078 ,
1200 1992 1308 2066 cui
1342 1990 1660 2066 humerus
1693 1991 2028 2065 eburneus
2060 1989 2257 2065 datus
2292 2008 2453 2064 erat.

314 2108 446 2182 Sed
480 2106 563 2183 ad
592 2107 1039 2183 consolandos
1067 2108 1434 2183 Thebanos
1465 2107 1740 2182 urbium
1783 2106 2216 2183 finitimarum
2259 2104 2461 2202 legati

316 2242 791 2299 convenerunt.
819 2224 962 2298 Soli
986 2224 1257 2299 deerant
1274 2224 1742 2313 Athenienses,
1767 2224 2086 2326 quoniam
2101 2253 2142 2297 a
2155 2222 2461 2298 barbaris

314 2341 696 2437 agminibus
730 2340 1253 2431 infestabantur,
1292 2370 1466 2444 quos
1504 2328 1739 2416 Ter-eu}
1760 2340 1966 2431 fudit,
2005 2342 2114 2416 cui
2146 2341 2456 2417 Pandion

316 2460 600 2535 Procnen
632 2462 704 2534 in
734 2460 1237 2536 matrimonium
1276 2459 1481 2534 dedit.
1525 2462 1595 2533 Is
1634 2458 1767 2534 alio
1805 2476 2104 2560 tempore
2157 2460 2459 2539 Athenas

314 2606 656 2666 reversus,
695 2606 902 2678 quum
934 2576 1347 2651 Philomelam
1371 2636 1390 2662 ,
1429 2575 1662 2649 uxoris
1694 2603 1995 2650 sororem
2020 2631 2039 2665 ,
2079 2604 2304 2653 secum
2336 2578 2456 2652 ab·

314 2694 649 2782 duxisset,
686 2722 764 2768 ea
797 2710 1100 2795 stuprata
1127 2748 1146 2779 ‚
1182 2691 1461 2794 aliisque
1496 2692 1911 2767 facinoribus
1931 2694 2363 2794 perpetratis,
2386 2695 2462 2769 in

312 2840 585 2915 upupam
627 2829 730 2886 est
760 2809 1271 2886 transformatus
1296 2866 1316 2899 ‚
1370 2809 1933 2911 quemadmodum
1979 2809 2334 2885 Philomela
2385 2813 2458 2888 in

315 2929 631 3005 lusa‘m'm
651 2987 672 3015 ,
729 2928 971 3003 Rome
998 2927 1072 3001 in
1096 2926 1499 3031 bahffldinem.
1539 2929 1713 3026 Quae
1745 2956 1852 3002 res
1885 2928 2216 3003 Pandioni
2259 2930 2457 3006 intel-

317 3044 487 3121 lecta
517 3061 806 3119 mortem
840 3041 1084 3118 attulit.
1124 3044 1317 3119 Huic·
1335 3044 1409 3118 in
1439 3073 1652 3139 regno
1676 3045 1998 3120 successit
2027 3045 2412 3123 Erechtheus
2433 3110 2452 3136 ,

321 3162 509 3262 cujus
554 3159 763 3236 filiam
800 3158 1150 3267 On'tlfiam
1183 3161 1436 3236 Boreas
1467 3161 1728 3262 rapuit,
1764 3178 1965 3263 atque
1999 3189 2080 3237 ex
2109 3180 2297 3265 rapta
2333 3165 2462 3240 Ca-

322 3277 447 3352 lain
474 3277 854 3381 procreavit
885 3295 953 3352 et
980 3275 1261 3363 lethea,
1323 3277 1442 3379 qui
1491 3277 1566 3351 in
1596 3278 2144 3373 Argonautarum
2181 3309 2462 3356 numero

324 3393 639 3483 fuerunt,
678 3423 887 3497 quum

415 3527 1042 3617 L1B.V11‚Jason,
1085 3528 1278 3604 victis
1304 3527 1558 3602 Medeoe
1581 3524 1832 3602 auxilio
1865 3529 2074 3602 tauris
2099 3528 2321 3625 iguem
2345 3560 2466 3605 vo-

319 3643 699 3733 mentibu8‚
735 3645 1075 3720 seminatis
1109 3647 1437 3747 serpentis
1467 3642 1747 3718 dentibus
1774 3702 1793 3729 ,
1850 3671 1886 3717 e
1919 3644 2169 3745 quibus
2200 3644 2468 3719 homines

320 3760 549 3835 amate·
560 3760 979 3863 prodierunt,
1008 3779 1078 3837 et
1109 3760 1396 3838 dracone
1426 3759 1678 3863 sopito,
1705 3760 1911 3835 vellus
1937 3789 2186 3836 aureum
2212 3761 2462 3837 retulit.

322 3877 602 3967 Medea,
652 3865 972 3952 Jasonem
1005 3877 1077 3950 in
1139 3877 1457 3952 Graeciam
1493 3878 1845 3967 comitata,
1900 3877 2163 3952 AEsom'
2186 3876 2472 3951 medica-

322 4010 705 4068 mentorum
760 4020 890 4095 ope
933 3992 1347 4091 juventutem
1396 3991 1688 4067 reddidit
1709 4050 1731 4083 ,
1784 3993 2211 4093 eamdemque
2269 3991 2473 4067 Pelioe

323 4107 628 4210 pollicita
649 4166 670 4199 ‚
704 4108 1047 4212 praemisso
1087 4109 1290 4183 an'ettk
1321 4110 1392 4182 in
1421 4137 1648 4211 agnum
1690 4108 2025 4183 reformati
2067 4109 2427 4209 specimine
2451 4167 2472 4200 ‚

328 4223 501 4300 dolo·
528 4253 682 4300 eum
719 4225 984 4300 occidit.
1026 4222 1192 4299 Inde
1218 4252 1339 4326 per
1360 4226 1538 4300 varia
1563 4226 1709 4300 loca
1733 4225 1939 4300 multis
1962 4226 2255 4323 insignia
2279 4243 2480 4302 trans-

310 4342 790 4442 finnaubm'bus
816 4342 1063 4434 delata,
1094 4360 1257 4444 post
1283 4344 1538 4419 occisos
1565 4342 1819 4421 liberos
1835 4342 2078 4445 AE'geo
2093 4346 2328 4448 nupsit
2351 4345 2479 4419 sub
