3217 5134
591 558 1679 629 METAMORPHOSEON
1727 562 1920 631 LIB.
1976 563 2088 632 11.

2292 567 2412 631 183

274 697 778 801 Distuleratque
813 728 1043 796 graves
1077 701 1149 774 in
1179 700 1419 776 idonea
1445 719 1743 802 tempora
1773 729 2024 805 poenas.

276 815 497 890 Causa
529 843 730 891 morae
763 815 949 891 nulla
981 835 1085 891 est
1117 848 1133 892 ε
1166 830 1238 892 et
1267 819 1398 918 jam
1432 847 1601 921 puer
1628 821 1837 895 Arcas
1857 877 1876 910 ‚
1911 820 1982 894 id
2015 821 2237 922 ipsum

276 930 585 1006 Indoluit
612 934 797 1008 Juno
822 990 841 1022 ‚
881 932 1098 1009 fuerat
1131 934 1213 1010 de
1246 935 1483 1037 pellice
1515 953 1735 1011 natus,

282 1046 444 1143 Quo
477 1045 674 1120 simul
709 1047 998 1123 obvertit
1027 1077 1259 1125 saevam
1291 1079 1441 1125 cum
1474 1050 1723 1125 lumine
1755 1069 2045 1126 mentem
2072 1082 2092 1141 ς

2322 1074 2422 1143 ⁴7⁰

286 1196 323 1228 ι(
362 1161 630 1238 Scilicet
658 1162 789 1237 hoc
823 1192 1035 1239 unum
1067 1166 1399 1254 restabat,
1435 1166 1766 1256 adultera,
1806 1168 2012 1258 dixit,

282 1312 324 1345 2>
363 1281 462 1352 Ut
492 1279 775 1354 fecunda
802 1280 1022 1369 forem
1057 1279 1375 1383 fieretque
1406 1283 1650 1383 injuria
1676 1300 1875 1385 partu

281 1430 321 1461 >›
358 1398 567 1484 Nota,
602 1397 922 1499 ,Iovisque
949 1399 1081 1472 mei
1110 1415 1422 1474 testatum
1450 1398 1740 1475 dedecus
1778 1415 1973 1475 esset.

282 1500 322 1578 1»
361 1514 564 1588 Haud
597 1515 871 1616 impune
902 1515 1073 1590 seres
1107 1545 1123 1588 ε
1155 1515 1439 1591 adimam
1473 1515 1601 1590 tibi
1636 1544 1878 1617 nempe
1909 1517 2231 1613 figuram;

282 1664 321 1695 »
362 1630 521 1727 Qua
546 1631 669 1705 tibi
695 1687 714 1727 2
739 1660 999 1733 quaque
1021 1626 1244 1733 places
1262 1648 1499 1709 nostro
1530 1635 1917 1737 importuna
1940 1634 2202 1708 marito.
2237 1666 2271 1699 »ι
2320 1654 2420 1723 475

278 1746 471 1819 Dixit
499 1776 515 1818 ε
545 1764 648 1834 et,
687 1747 957 1822 adversa
987 1749 1247 1850 prensis
1280 1778 1318 1823 a
1349 1748 1572 1823 fronte
1603 1748 1895 1851 capillis,

280 1870 530 1944 Stravit
561 1870 750 1944 humi
783 1898 1066 1971 pronam
1103 1903 1120 1947 τ
1159 1873 1478 1949 tendebat
1500 1873 1774 1948 brachia
1800 1871 2081 1975 supplex
2106 1902 2125 1962 ;

280 1992 562 2068 Brachia
592 2010 937 2095 coeperunt
969 1995 1181 2091 nigris
1214 1995 1595 2070 horrescere
1624 1994 1799 2069 villis
1822 2052 1840 2082 ‚

286 2117 697 2218 Curvarique
732 2145 1006 2206 manus»,
1045 2136 1113 2193 et
1145 2118 1440 2194 aduncos
1477 2145 1767 2194 crescere
1799 2118 1869 2191 in
1905 2145 2200 2213 ung-nea,

288 2236 670 2342 Officioque
703 2239 951 2341 pedum
978 2239 1210 2336 fungi3
1243 2240 1641 2344 laudataque
1675 2238 2011 2344 quondam

2327 2259 2429 2329 48⁰

289 2364 433 2437 Ora
454 2363 643 2452 sevi,
678 2361 815 2436 lato
847 2363 989 2439 fieri
1024 2364 1342 2441 deformia
1375 2365 1568 2440 rictu.

281 2485 465 2560 Neve
497 2512 725 2588 preces
759 2487 1048 2576 animoa,
1082 2505 1149 2562 et
1180 2489 1387 2565 verba
1415 2488 1718 2591 potentia
1746 2485 2050 2575 flectant,

280 2692 523 2748 Arcadia
538 2711 738 2746 nomen
761 2692 991 2748 inditum
1011 2713 1121 2749 esse
1143 2695 1301 2749 multi

280 2770 545 2826 Veterum
569 2772 840 2842 putabant.

341 2855 404 2923 47
409 2869 460 2905 ο.
476 2853 714 2906 Obverte't.
728 2850 856 2905 Duo
868 2856 1169 2906 adeerliL—
1188 2849 1299 2906 Co-

275 2926 417 2984 dices
434 2927 602 2982 nostri
624 2926 755 2999 Raeg.
772 2933 995 2983 obvertit.
1013 2957 1082 2971 -
1098 2930 1307 2983 obverti

276 3010 441 3064 etiam
466 2996 881 3074 Heroidbssx,
931 3029 1017 3082 ¹9¹
1042 3049 1059 3075 ‚
1090 3008 1301 3079 legitur.

274 3092 462 3157 ——Quo
471 3090 633 3142 siaa!
641 3093 861 3143 obaerttt.
881 3089 1187 3159 Postquam,
1209 3089 1297 3142 iu-

277 3168 432 3236 quit,
454 3166 711 3220 convertit
727 3176 783 3220 et
794 3165 970 3220 oculos
985 3177 1039 3219 et
1057 3166 1297 3219 animum

276 3246 339 3300 in
363 3244 632 3299 Aroedem
653 3284 669 3311 ,
704 3264 733 3298 e
774 3242 1041 3299 Calistone
1078 3255 1264 3299 natum
1285 3283 1302 3313 ,

277 3322 657 3377 excandescere
675 3321 844 3392 coepit.
885 3324 1025 3390 Quo,
1061 3322 1117 3375 in
1141 3340 1304 3393 quem

276 3418 531 3472 puerum.
542 3402 642 3453 Ed.
656 3429 719 3440 —
731 3402 920 3454 &vam
933 3441 948 3463 ‚
974 3399 1188 3454 ultiouis
1209 3418 1303 3454 cu-

274 3479 479 3551 pidam.
500 3506 570 3520 —-
590 3480 796 3534 Scilicet
817 3521 831 3541 ,
871 3498 969 3533 vox
1005 3479 1304 3551 indignan-

274 3559 365 3613 tis.
400 3585 470 3599 -—
490 3558 721 3626 Injun‘a,
759 3576 953 3628 nempe
982 3556 1115 3611 mihi
1146 3556 1303 3611 illata.

273 3637 599 3688 -Dedecus
613 3633 679 3688 de
697 3633 958 3689 adulterio
975 3674 990 3703 ,
1015 3634 1175 3689 etiam
1192 3634 1272 3687 lx
1284 3672 1301 3704 ,

270 3714 361 3769 25.
391 3714 604 3770 Similes
623 3715 853 3770 Junonis
886 3712 1143 3785 quereb,
1182 3712 1300 3781 111,

279 3792 389 3846 265
407 3811 522 3862 sqq.

345 3873 460 3940 474.
474 3871 673 3938 Nempe.
686 3871 813 3927 ‘Non
834 3871 1005 3925 solum
1023 3870 1300 3925 affirman-

264 3949 348 4004 132
388 3958 469 4001 est
496 3946 731 4019 (certo),
762 3948 852 4003 sed
879 3950 979 4003 hoc
1002 3949 1117 4003 loeo
1141 3950 1302 4005 etiam

265 4023 442 4080 simul
466 4023 713 4079 minantis
745 4036 799 4078 et
830 4025 1217 4080 stomachantis.
1237 4026 1299 4080 B.

264 4101 522 4158 Multum
543 4103 702 4172 igitur
724 4112 931 4173 prestat
962 4114 1027 4177 τῷ
1055 4121 1300 4172 namque,

266 4179 428 4254 quod
457 4180 542 4234 alii
566 4181 778 4237 habent.

350 4262 466 4333 476.
481 4262 730 4316 Adversa.
747 4262 992 4333 Plerique
1010 4271 1211 4315 veteres
1226 4281 1304 4314 ar*-

270 4346 479 4411 uptam
505 4348 597 4394 aut
614 4342 876 4397 adversam
887 4381 903 4407 ‚
934 4349 1026 4395 aut
1045 4356 1268 4394 aversans
1283 4378 1300 4405 ,

1396 2705 1487 2750 aut
1498 2714 1693 2755 aversa.
1715 2693 1968 2747 Heinsius
1982 2694 2146 2747 nescit
2161 2693 2420 2763 quidinde

1396 2775 1689 2845 exsculpat,
1716 2784 1770 2827 et
1792 2773 1968 2843 plures
1990 2775 2189 2843 profert
2214 2775 2422 2841 coniec-

1397 2862 1555 2906 turas.
1577 2853 1740 2905 Forte
1756 2860 1965 2919 praestat
1982 2854 2259 2904 adversam.
2281 2849 2417 2904 Vide

1395 2928 1770 2983 But-mannum
1789 2926 1853 2980 ad
1872 2928 2059 2980 Amor.
2081 2928 2106 2981 1
2127 2966 2142 2993 ,
2169 2945 2228 2980 11
2246 2966 2261 2994 ‚
2290 2948 2335 2981 a.
2354 2956 2420 2968 -—

1399 3006 1581 3063 Codex
1617 3008 1748 3077 Reg.
1786 3006 1838 3059 A
1856 3046 1871 3077 ,
1903 3013 2150 3074 arreptam
2172 3012 2369 3076 sparsis
2396 3025 2416 3072 ‚⁶

1395 3083 1530 3139 cod.
1556 3084 1618 3139 B.
1644 3103 1872 3137 aversam
1886 3089 2105 3151 prensir.

1457 3168 1519 3236 47
1526 3186 1571 3235 7.
1598 3166 1858 3217 Tendebat
1870 3167 2094 3217 brachia.
2113 3162 2246 3218 Hac
2258 3165 2419 3220 verba

1399 3242 1585 3313 sepius
1597 3241 1810 3311 repetit,
1827 3241 1987 3294 etiam
2000 3261 2132 3295 vers.
2145 3244 2262 3306 580;
2281 3262 2424 3296 nunc

1402 3321 1588 3375 melius
1624 3321 1915 3389 omisisset,
1965 3341 2132 3391 quum
2163 3323 2425 3392 pracedat

1390 3419 1603 3469 pmnam
1625 3406 1819 3453 stmm‘t.
1849 3401 1927 3453 lta
1945 3400 2113 3455 lector
2134 3420 2252 3454 eam
2268 3400 2421 3472 cogi-

1398 3492 1536 3536 taret
1559 3502 1588 3535 e
1602 3481 1749 3551 lapsu
1772 3499 1996 3551 pronam
2009 3518 2025 3547 ,
2043 3498 2224 3551 prone
2247 3481 2420 3534 statim

1401 3578 1535 3613 ursa
1555 3562 1785 3614 sormam
1811 3560 2079 3629 accepisse.

1465 3640 1578 3705 480.
1608 3639 1850 3689 laudata
1871 3638 2005 3690 Joast
2047 3636 2189 3705 Quae
2209 3635 2426 3707 pulchra

1400 3714 1508 3768 visa
1528 3725 1683 3768 erant
1704 3713 1829 3768 Jovi
1852 3732 1866 3767 ε
1895 3712 2016 3769 vide
2042 3714 2421 3769 Burmannum

1401 3791 1469 3845 ad
1496 3790 1708 3846 Phoedr.
1732 3793 1758 3846 1
1780 3832 1794 3858 ‚
1831 3808 1946 3858 xn,
1985 3811 2030 3845 ι.

1465 3870 1578 3937 482.
1598 3872 1740 3923 Neue
1751 3889 1927 3939 preces
1949 3872 2148 3922 animos
2168 3879 2266 3924 etc.
2295 3870 2361 3924 M
2363 3889 2422 3923 a·

1400 3947 1655 4018 nuscripti
1672 3966 1883 4016 omnes,
1902 3956 2095 4017 preter
2108 3966 2278 4001 unum
2295 3987 2313 4016 ,
2332 3948 2422 4018 qui

1398 4024 1558 4079 habet
1594 4027 1843 4095 supeqlua
1868 4065 1883 4089 ‚
1944 4024 2244 4095 preferunt'
2269 4029 2424 4079 verba

1391 4108 1683 4174 precantia,
1708 4103 1850 4173 quod
1882 4102 2009 4156 ferri
2048 4102 2234 4173 nequit
2251 4143 2266 4171 ‚
2301 4104 2423 4173 quia

1399 4180 1648 4254 praecedit
1660 4200 1852 4249 preces.
1872 4180 2124 4235 Heinsius
2138 4181 2386 4237 suadebat
2405 4222 2419 4248 ‚

1399 4270 1565 4316 truces
1596 4266 1797 4314 animos
1823 4280 1920 4329 per
1954 4264 2106 4314 verba
2141 4265 2433 4329 precantia.

1403 4337 1510 4395 Sed
1528 4357 1705 4408 neque
1725 4345 1889 4394 truces
1904 4337 2169 4394 aas‘nthic
2195 4338 2317 4395 satis
2335 4336 2444 4407 pla-
