<?xml version="1.0" encoding="UTF-8"?>
<!DOCTYPE html PUBLIC "-//W3C//DTD XHTML 1.0 Transitional//EN"
    "http://www.w3.org/TR/xhtml1/DTD/xhtml1-transitional.dtd">
<html xmlns="http://www.w3.org/1999/xhtml" xml:lang="en" lang="en">
 <head>
  <title>
</title>
<meta http-equiv="Content-Type" content="text/html;charset=utf-8" />
  <meta name='ocr-system' content='tesseract 3.04.00' />
  <meta name='ocr-capabilities' content='ocr_page ocr_carea ocr_par ocr_line ocrx_word'/>
</head>
<body>
  <div class='ocr_page' id='page_1' title='image "./publiusovidiusn01giergoog/publiusovidiusn01giergoog_0072.png"; bbox 0 0 3217 5134; ppageno 0'>
   <div class='ocr_carea' id='block_1_1' title="bbox 745 527 2560 613">
    <p class='ocr_par' dir='ltr' id='par_1_1' title="bbox 745 527 2560 613">
     <span class='ocr_line' id='line_1_1' title="bbox 745 527 2560 613; baseline 0.001 -18"><span class='ocrx_word' id='word_1_1' title='bbox 745 528 829 613; x_wconf 70' lang='lat'><strong>42</strong></span> <span class='ocrx_word' id='word_1_2' title='bbox 1064 527 1432 598; x_wconf 87' lang='lat' dir='ltr'>SERIES</span> <span class='ocrx_word' id='word_1_3' title='bbox 1494 529 2560 601; x_wconf 85' lang='lat' dir='ltr'><strong>METAMORPHOSEON.</strong></span> 
     </span>
    </p>
   </div>
   <div class='ocr_carea' id='block_1_2' title="bbox 691 668 2884 1821">
    <p class='ocr_par' dir='ltr' id='par_1_2' title="bbox 691 668 2884 1821">
     <span class='ocr_line' id='line_1_2' title="bbox 742 668 2884 772; baseline 0.001 -29"><span class='ocrx_word' id='word_1_4' title='bbox 742 671 812 743; x_wconf 89' lang='lat' dir='ltr'><strong>in</strong></span> <span class='ocrx_word' id='word_1_5' title='bbox 858 669 1062 744; x_wconf 77' lang='lat' dir='ltr'><strong>simias</strong></span> <span class='ocrx_word' id='word_1_6' title='bbox 1103 670 1379 757; x_wconf 83' lang='lat' dir='ltr'><strong>mutati,</strong></span> <span class='ocrx_word' id='word_1_7' title='bbox 1428 670 1498 745; x_wconf 88' lang='lat' dir='ltr'><strong>in</strong></span> <span class='ocrx_word' id='word_1_8' title='bbox 1542 668 1734 745; x_wconf 89' lang='lat' dir='ltr'><strong>Italia</strong></span> <span class='ocrx_word' id='word_1_9' title='bbox 1783 670 2081 772; x_wconf 83' lang='lat' dir='ltr'>appulit,</span> <span class='ocrx_word' id='word_1_10' title='bbox 2131 671 2202 744; x_wconf 90' lang='lat' dir='ltr'><strong>in</strong></span> <span class='ocrx_word' id='word_1_11' title='bbox 2243 671 2570 769; x_wconf 24' lang='lat' dir='ltr'><strong>Caietano,</strong></span> <span class='ocrx_word' id='word_1_12' title='bbox 2605 668 2802 745; x_wconf 88' lang='lat' dir='ltr'><strong>litore</strong></span> <span class='ocrx_word' id='word_1_13' title='bbox 2846 702 2884 745; x_wconf 84' lang='lat' dir='ltr'><strong>e</strong></span> 
     </span>
     <span class='ocr_line' id='line_1_3' title="bbox 691 784 2878 892; baseline 0.002 -34"><span class='ocrx_word' id='word_1_14' title='bbox 691 849 700 858; x_wconf 93' lang='lat'><strong>.</strong></span> <span class='ocrx_word' id='word_1_15' title='bbox 744 787 1049 860; x_wconf 82' lang='lat' dir='ltr'>Macareo</span> <span class='ocrx_word' id='word_1_16' title='bbox 1084 784 1293 860; x_wconf 91' lang='lat' dir='ltr'><strong>multa</strong></span> <span class='ocrx_word' id='word_1_17' title='bbox 1328 785 1409 858; x_wconf 87' lang='lat' dir='ltr'><strong>de</strong></span> <span class='ocrx_word' id='word_1_18' title='bbox 1461 785 1686 892; x_wconf 58' lang='lat' dir='ltr'><strong>Ufysse</strong></span> <span class='ocrx_word' id='word_1_19' title='bbox 1720 805 1920 887; x_wconf 87' lang='lat' dir='ltr'><strong>atque</strong></span> <span class='ocrx_word' id='word_1_20' title='bbox 1957 785 2165 861; x_wconf 78' lang='lat' dir='ltr'><strong>Circes</strong></span> <span class='ocrx_word' id='word_1_21' title='bbox 2184 785 2496 861; x_wconf 83' lang='lat' dir='ltr'><strong>veneficio</strong></span> <span class='ocrx_word' id='word_1_22' title='bbox 2522 787 2878 888; x_wconf 85' lang='lat' dir='ltr'><strong>comperit,</strong></span> 
     </span>
     <span class='ocr_line' id='line_1_4' title="bbox 742 900 2882 1003; baseline 0.002 -29"><span class='ocrx_word' id='word_1_23' title='bbox 742 931 877 1002; x_wconf 91' lang='lat' dir='ltr'><strong>quo</strong></span> <span class='ocrx_word' id='word_1_24' title='bbox 934 902 1128 976; x_wconf 88' lang='lat' dir='ltr'><strong>etiam</strong></span> <span class='ocrx_word' id='word_1_25' title='bbox 1188 900 1381 975; x_wconf 82' lang='lat' dir='ltr'><strong>Picus</strong></span> <span class='ocrx_word' id='word_1_26' title='bbox 1428 929 1542 975; x_wconf 82' lang='lat' dir='ltr'><strong>rex</strong></span> <span class='ocrx_word' id='word_1_27' title='bbox 1590 902 1662 974; x_wconf 89' lang='lat' dir='ltr'><strong>in</strong></span> <span class='ocrx_word' id='word_1_28' title='bbox 1701 903 1910 1003; x_wconf 82' lang='lat' dir='ltr'><strong>picum</strong></span> <span class='ocrx_word' id='word_1_29' title='bbox 1947 931 2131 977; x_wconf 87' lang='lat' dir='ltr'><strong>avem</strong></span> <span class='ocrx_word' id='word_1_30' title='bbox 2163 920 2457 977; x_wconf 88' lang='lat' dir='ltr'><strong>mutatus</strong></span> <span class='ocrx_word' id='word_1_31' title='bbox 2489 919 2646 975; x_wconf 88' lang='lat' dir='ltr'><strong>erat.</strong></span> <span class='ocrx_word' id='word_1_32' title='bbox 2712 904 2882 979; x_wconf 83' lang='lat' dir='ltr'><strong>Mox</strong></span> 
     </span>
     <span class='ocr_line' id='line_1_5' title="bbox 735 1017 2880 1121; baseline 0.001 -29"><span class='ocrx_word' id='word_1_33' title='bbox 735 1017 990 1094; x_wconf 87' lang='lat' dir='ltr'><strong>bellum</strong></span> <span class='ocrx_word' id='word_1_34' title='bbox 1023 1048 1173 1093; x_wconf 90' lang='lat' dir='ltr'><strong>cum</strong></span> <span class='ocrx_word' id='word_1_35' title='bbox 1204 1019 1274 1095; x_wconf 92' lang='lat' dir='ltr'><em>T</em></span> <span class='ocrx_word' id='word_1_36' title='bbox 1269 1048 1422 1092; x_wconf 88' lang='lat' dir='ltr'><strong>umo</strong></span> <span class='ocrx_word' id='word_1_37' title='bbox 1449 1019 1751 1119; x_wconf 80' lang='lat' dir='ltr'><strong>suscipit.</strong></span> <span class='ocrx_word' id='word_1_38' title='bbox 1791 1021 1860 1093; x_wconf 92' lang='lat' dir='ltr'><strong>Is</strong></span> <span class='ocrx_word' id='word_1_39' title='bbox 1889 1048 2095 1119; x_wconf 90' lang='lat' dir='ltr'><strong>quum</strong></span> <span class='ocrx_word' id='word_1_40' title='bbox 2123 1048 2244 1121; x_wconf 84' lang='lat' dir='ltr'><strong>per</strong></span> <span class='ocrx_word' id='word_1_41' title='bbox 2262 1017 2598 1092; x_wconf 86' lang='lat' dir='ltr'><strong>Venulum</strong></span> <span class='ocrx_word' id='word_1_42' title='bbox 2623 1036 2880 1120; x_wconf 84' lang='lat' dir='ltr'><strong>peteret</strong></span> 
     </span>
     <span class='ocr_line' id='line_1_6' title="bbox 738 1135 2875 1237; baseline 0 -27"><span class='ocrx_word' id='word_1_43' title='bbox 738 1135 1060 1211; x_wconf 83' lang='lat' dir='ltr'><strong>auxilium</strong></span> <span class='ocrx_word' id='word_1_44' title='bbox 1085 1167 1124 1211; x_wconf 93' lang='lat' dir='ltr'><strong>a</strong></span> <span class='ocrx_word' id='word_1_45' title='bbox 1151 1137 1461 1212; x_wconf 82' lang='lat' dir='ltr'><em>Diomede</em></span> <span class='ocrx_word' id='word_1_46' title='bbox 1476 1196 1497 1222; x_wconf 87' lang='lat'>‚</span> <span class='ocrx_word' id='word_1_47' title='bbox 1536 1137 1727 1237; x_wconf 87' lang='lat' dir='ltr'><strong>cujus</strong></span> <span class='ocrx_word' id='word_1_48' title='bbox 1751 1137 1904 1210; x_wconf 82' lang='lat' dir='ltr'><strong>socii</strong></span> <span class='ocrx_word' id='word_1_49' title='bbox 1923 1138 1993 1210; x_wconf 88' lang='lat' dir='ltr'><strong>in</strong></span> <span class='ocrx_word' id='word_1_50' title='bbox 2018 1165 2155 1211; x_wconf 76' lang='lat' dir='ltr'><strong>aves</strong></span> <span class='ocrx_word' id='word_1_51' title='bbox 2182 1154 2371 1212; x_wconf 88' lang='lat' dir='ltr'><strong>erant</strong></span> <span class='ocrx_word' id='word_1_52' title='bbox 2390 1135 2875 1223; x_wconf 85' lang='lat' dir='ltr'><strong>transformati,</strong></span> 
     </span>
     <span class='ocr_line' id='line_1_7' title="bbox 736 1248 2877 1356; baseline 0.001 -28"><span class='ocrx_word' id='word_1_53' title='bbox 736 1254 1069 1356; x_wconf 84' lang='lat' dir='ltr'><strong>repulsam</strong></span> <span class='ocrx_word' id='word_1_54' title='bbox 1109 1248 1309 1328; x_wconf 86' lang='lat' dir='ltr'><strong>tulit:</strong></span> <span class='ocrx_word' id='word_1_55' title='bbox 1346 1253 1665 1328; x_wconf 79' lang='lat' dir='ltr'><strong>redeunte</strong></span> <span class='ocrx_word' id='word_1_56' title='bbox 1700 1253 1968 1330; x_wconf 86' lang='lat' dir='ltr'><strong>Venulo</strong></span> <span class='ocrx_word' id='word_1_57' title='bbox 2017 1283 2139 1356; x_wconf 90' lang='lat' dir='ltr'><strong>per</strong></span> <span class='ocrx_word' id='word_1_58' title='bbox 2181 1283 2256 1329; x_wconf 90' lang='lat' dir='ltr'><strong>ea</strong></span> <span class='ocrx_word' id='word_1_59' title='bbox 2290 1253 2476 1344; x_wconf 87' lang='lat' dir='ltr'><strong>loca,</strong></span> <span class='ocrx_word' id='word_1_60' title='bbox 2522 1255 2591 1329; x_wconf 87' lang='lat' dir='ltr'><strong>in</strong></span> <span class='ocrx_word' id='word_1_61' title='bbox 2630 1255 2877 1356; x_wconf 88' lang='lat' dir='ltr'><strong>quibus</strong></span> 
     </span>
     <span class='ocr_line' id='line_1_8' title="bbox 734 1370 2879 1471; baseline 0 -25"><span class='ocrx_word' id='word_1_62' title='bbox 734 1371 1041 1471; x_wconf 84' lang='lat' dir='ltr'><strong>Appulus</strong></span> <span class='ocrx_word' id='word_1_63' title='bbox 1057 1397 1179 1470; x_wconf 86' lang='lat' dir='ltr'><strong>pas</strong></span> <span class='ocrx_word' id='word_1_64' title='bbox 1186 1387 1288 1444; x_wconf 89' lang='lat' dir='ltr'><strong>tor</strong></span> <span class='ocrx_word' id='word_1_65' title='bbox 1302 1370 1641 1471; x_wconf 90' lang='lat' dir='ltr'><strong>quondam</strong></span> <span class='ocrx_word' id='word_1_66' title='bbox 1662 1370 1733 1444; x_wconf 88' lang='lat' dir='ltr'><strong>in</strong></span> <span class='ocrx_word' id='word_1_67' title='bbox 1754 1370 2077 1445; x_wconf 82' lang='lat' dir='ltr'><strong>oleastrum</strong></span> <span class='ocrx_word' id='word_1_68' title='bbox 2090 1399 2446 1445; x_wconf 83' lang='lat' dir='ltr'><strong>conversus</strong></span> <span class='ocrx_word' id='word_1_69' title='bbox 2459 1388 2619 1446; x_wconf 87' lang='lat' dir='ltr'><strong>erat.</strong></span> <span class='ocrx_word' id='word_1_70' title='bbox 2636 1372 2879 1447; x_wconf 79' lang='lat' dir='ltr'><strong>Postea</strong></span> 
     </span>
     <span class='ocr_line' id='line_1_9' title="bbox 753 1484 2868 1588; baseline 0 -28"><span class='ocrx_word' id='word_1_71' title='bbox 753 1486 992 1560; x_wconf 83' lang='lat' dir='ltr'><strong>AEneae</strong></span> <span class='ocrx_word' id='word_1_72' title='bbox 1024 1486 1529 1587; x_wconf 74' lang='lat' dir='ltr'><strong>navesNymphoe</strong></span> <span class='ocrx_word' id='word_1_73' title='bbox 1551 1485 1725 1561; x_wconf 88' lang='lat' dir='ltr'><strong>fiunt</strong></span> <span class='ocrx_word' id='word_1_74' title='bbox 1757 1488 1826 1561; x_wconf 89' lang='lat' dir='ltr'><strong>in</strong></span> <span class='ocrx_word' id='word_1_75' title='bbox 1863 1484 2094 1588; x_wconf 83' lang='lat' dir='ltr'><strong>praelio</strong></span> <span class='ocrx_word' id='word_1_76' title='bbox 2117 1542 2135 1576; x_wconf 89' lang='lat'>,</span> <span class='ocrx_word' id='word_1_77' title='bbox 2171 1486 2347 1560; x_wconf 89' lang='lat' dir='ltr'><strong>sicut</strong></span> <span class='ocrx_word' id='word_1_78' title='bbox 2376 1504 2446 1560; x_wconf 90' lang='lat' dir='ltr'><strong>et</strong></span> <span class='ocrx_word' id='word_1_79' title='bbox 2474 1515 2550 1561; x_wconf 85' lang='lat' dir='ltr'><strong>ex</strong></span> <span class='ocrx_word' id='word_1_80' title='bbox 2577 1485 2825 1562; x_wconf 73' lang='lat' dir='ltr'><strong>Ardea</strong></span> <span class='ocrx_word' id='word_1_81' title='bbox 2847 1547 2868 1574; x_wconf 88' lang='lat'>,</span> 
     </span>
     <span class='ocr_line' id='line_1_10' title="bbox 735 1601 2878 1705; baseline 0.001 -30"><span class='ocrx_word' id='word_1_82' title='bbox 735 1602 924 1676; x_wconf 91' lang='lat' dir='ltr'><strong>urbis</strong></span> <span class='ocrx_word' id='word_1_83' title='bbox 950 1603 1258 1681; x_wconf 85' lang='lat' dir='ltr'><strong>incendio</strong></span> <span class='ocrx_word' id='word_1_84' title='bbox 1291 1602 1517 1679; x_wconf 83' lang='lat' dir='ltr'><strong>deletae</strong></span> <span class='ocrx_word' id='word_1_85' title='bbox 1539 1659 1559 1693; x_wconf 80' lang='lat'>‚</span> <span class='ocrx_word' id='word_1_86' title='bbox 1597 1603 1933 1678; x_wconf 83' lang='lat' dir='ltr'><strong>cineribus</strong></span> <span class='ocrx_word' id='word_1_87' title='bbox 1957 1602 2148 1687; x_wconf 86' lang='lat' dir='ltr'><strong>ardea</strong></span> <span class='ocrx_word' id='word_1_88' title='bbox 2173 1603 2348 1691; x_wconf 83' lang='lat' dir='ltr'><strong>avis;</strong></span> <span class='ocrx_word' id='word_1_89' title='bbox 2387 1621 2584 1705; x_wconf 87' lang='lat' dir='ltr'><strong>atque</strong></span> <span class='ocrx_word' id='word_1_90' title='bbox 2611 1601 2878 1678; x_wconf 83' lang='lat' dir='ltr'><strong>AEneas</strong></span> 
     </span>
     <span class='ocr_line' id='line_1_11' title="bbox 734 1705 2874 1821; baseline 0.002 -30"><span class='ocrx_word' id='word_1_91' title='bbox 734 1718 807 1792; x_wconf 88' lang='lat' dir='ltr'><strong>in</strong></span> <span class='ocrx_word' id='word_1_92' title='bbox 859 1719 1072 1794; x_wconf 87' lang='lat' dir='ltr'><strong>Deum</strong></span> <span class='ocrx_word' id='word_1_93' title='bbox 1128 1722 1383 1797; x_wconf 85' lang='lat' dir='ltr'><strong>transit.</strong></span> <span class='ocrx_word' id='word_1_94' title='bbox 1424 1705 1903 1796; x_wconf 74' lang='lat' dir='ltr'><strong>successerunt</strong></span> <span class='ocrx_word' id='word_1_95' title='bbox 1951 1719 2113 1794; x_wconf 88' lang='lat' dir='ltr'><strong>huic</strong></span> <span class='ocrx_word' id='word_1_96' title='bbox 2156 1747 2345 1815; x_wconf 81' lang='lat' dir='ltr'><strong>reges</strong></span> <span class='ocrx_word' id='word_1_97' title='bbox 2398 1717 2547 1805; x_wconf 76' lang='lat' dir='ltr'><strong>alii,</strong></span> <span class='ocrx_word' id='word_1_98' title='bbox 2585 1747 2874 1821; x_wconf 86' lang='lat' dir='ltr'><strong>quorum</strong></span> 
     </span>
    </p>
   </div>
   <div class='ocr_carea' id='block_1_3' title="bbox 734 1833 2875 2053">
    <p class='ocr_par' dir='ltr' id='par_1_3' title="bbox 734 1833 2875 2053">
     <span class='ocr_line' id='line_1_12' title="bbox 734 1833 2872 1937; baseline 0.002 -32"><span class='ocrx_word' id='word_1_99' title='bbox 734 1834 909 1909; x_wconf 84' lang='lat' dir='ltr'><strong>inter</strong></span> <span class='ocrx_word' id='word_1_100' title='bbox 950 1854 1221 1911; x_wconf 86' lang='lat' dir='ltr'><strong>caeteros</strong></span> <span class='ocrx_word' id='word_1_101' title='bbox 1273 1838 1399 1911; x_wconf 91' lang='lat' dir='ltr'><strong>sub</strong></span> <span class='ocrx_word' id='word_1_102' title='bbox 1449 1838 1679 1911; x_wconf 89' lang='lat' dir='ltr'><strong>Phoca</strong></span> <span class='ocrx_word' id='word_1_103' title='bbox 1735 1835 1968 1910; x_wconf 87' lang='lat' dir='ltr'><strong>floruit</strong></span> <span class='ocrx_word' id='word_1_104' title='bbox 2031 1833 2358 1919; x_wconf 85' lang='lat' dir='ltr'><strong>Pomona,·</strong></span> <span class='ocrx_word' id='word_1_105' title='bbox 2410 1862 2611 1935; x_wconf 87' lang='lat' dir='ltr'><strong>quam</strong></span> <span class='ocrx_word' id='word_1_106' title='bbox 2662 1864 2872 1937; x_wconf 86' lang='lat' dir='ltr'><strong>quum</strong></span> 
     </span>
     <span class='ocr_line' id='line_1_13' title="bbox 736 1950 2875 2053; baseline 0.001 -31"><span class='ocrx_word' id='word_1_107' title='bbox 736 1950 1120 2026; x_wconf 83' lang='lat' dir='ltr'><strong>Vertumnus</strong></span> <span class='ocrx_word' id='word_1_108' title='bbox 1152 1969 1430 2040; x_wconf 84' lang='lat' dir='ltr'><strong>amaret,</strong></span> <span class='ocrx_word' id='word_1_109' title='bbox 1467 1969 1685 2026; x_wconf 89' lang='lat' dir='ltr'><strong>sumta</strong></span> <span class='ocrx_word' id='word_1_110' title='bbox 1717 1952 2008 2053; x_wconf 88' lang='lat' dir='ltr'><strong>primum</strong></span> <span class='ocrx_word' id='word_1_111' title='bbox 2037 1979 2193 2024; x_wconf 82' lang='lat' dir='ltr'><strong>anus</strong></span> <span class='ocrx_word' id='word_1_112' title='bbox 2221 1950 2437 2025; x_wconf 87' lang='lat' dir='ltr'><strong>forma</strong></span> <span class='ocrx_word' id='word_1_113' title='bbox 2457 2006 2477 2037; x_wconf 87' lang='lat'><strong>‚</strong></span> <span class='ocrx_word' id='word_1_114' title='bbox 2509 1966 2578 2025; x_wconf 92' lang='lat' dir='ltr'><strong>et</strong></span> <span class='ocrx_word' id='word_1_115' title='bbox 2600 1951 2875 2026; x_wconf 76' lang='lat' dir='ltr'><strong>Ama-</strong></span> 
     </span>
    </p>
   </div>
   <div class='ocr_carea' id='block_1_4' title="bbox 681 2065 2871 2403">
    <p class='ocr_par' dir='ltr' id='par_1_4' title="bbox 681 2065 2871 2403">
     <span class='ocr_line' id='line_1_14' title="bbox 729 2065 2870 2169; baseline 0.001 -29"><span class='ocrx_word' id='word_1_116' title='bbox 729 2082 882 2142; x_wconf 80' lang='lat' dir='ltr'><strong>retes</strong></span> <span class='ocrx_word' id='word_1_117' title='bbox 912 2066 1215 2169; x_wconf 81' lang='lat' dir='ltr'><strong>exemplo</strong></span> <span class='ocrx_word' id='word_1_118' title='bbox 1243 2067 1312 2142; x_wconf 92' lang='lat' dir='ltr'><strong>in</strong></span> <span class='ocrx_word' id='word_1_119' title='bbox 1337 2095 1559 2142; x_wconf 70' lang='lat' dir='ltr'><strong>saxum</strong></span> <span class='ocrx_word' id='word_1_120' title='bbox 1592 2096 1922 2145; x_wconf 64' lang='lat' dir='ltr'><strong>conversae</strong></span> <span class='ocrx_word' id='word_1_121' title='bbox 1941 2083 2265 2169; x_wconf 88' lang='lat' dir='ltr'><strong>usurpato</strong></span> <span class='ocrx_word' id='word_1_122' title='bbox 2282 2122 2301 2154; x_wconf 90' lang='lat'>,</span> <span class='ocrx_word' id='word_1_123' title='bbox 2339 2065 2575 2168; x_wconf 85' lang='lat' dir='ltr'><strong>deinde</strong></span> <span class='ocrx_word' id='word_1_124' title='bbox 2602 2095 2870 2142; x_wconf 90' lang='lat' dir='ltr'><strong>rursum</strong></span> 
     </span>
     <span class='ocr_line' id='line_1_15' title="bbox 714 2183 2871 2287; baseline -0.001 -29"><span class='ocrx_word' id='word_1_125' title='bbox 714 2187 957 2286; x_wconf 58' lang='lat' dir='ltr'><strong>juvem}</strong></span> <span class='ocrx_word' id='word_1_126' title='bbox 996 2186 1208 2261; x_wconf 86' lang='lat' dir='ltr'><strong>factus</strong></span> <span class='ocrx_word' id='word_1_127' title='bbox 1227 2242 1246 2274; x_wconf 85' lang='lat'>‚</span> <span class='ocrx_word' id='word_1_128' title='bbox 1284 2204 1444 2260; x_wconf 87' lang='lat' dir='ltr'><strong>voto</strong></span> <span class='ocrx_word' id='word_1_129' title='bbox 1479 2186 1760 2287; x_wconf 88' lang='lat' dir='ltr'><strong>potitur.</strong></span> <span class='ocrx_word' id='word_1_130' title='bbox 1801 2184 1966 2259; x_wconf 87' lang='lat' dir='ltr'><strong>Inde</strong></span> <span class='ocrx_word' id='word_1_131' title='bbox 2003 2184 2131 2259; x_wconf 90' lang='lat' dir='ltr'><strong>sub</strong></span> <span class='ocrx_word' id='word_1_132' title='bbox 2168 2183 2498 2258; x_wconf 79' lang='lat' dir='ltr'><strong>Numitore</strong></span> <span class='ocrx_word' id='word_1_133' title='bbox 2532 2183 2871 2285; x_wconf 82' lang='lat' dir='ltr'><strong>aquaesri-</strong></span> 
     </span>
     <span class='ocr_line' id='line_1_16' title="bbox 681 2300 2868 2403; baseline 0.001 -29"><span class='ocrx_word' id='word_1_134' title='bbox 681 2310 697 2319; x_wconf 77' lang='grc'><em>”</em></span> <span class='ocrx_word' id='word_1_135' title='bbox 718 2300 894 2401; x_wconf 76' lang='lat' dir='ltr'><strong>gidoe</strong></span> <span class='ocrx_word' id='word_1_136' title='bbox 920 2303 1294 2378; x_wconf 84' lang='lat' dir='ltr'><strong>redduntur</strong></span> <span class='ocrx_word' id='word_1_137' title='bbox 1323 2301 1565 2376; x_wconf 81' lang='lat' dir='ltr'><strong>calidoe.</strong></span> <span class='ocrx_word' id='word_1_138' title='bbox 1608 2301 1735 2376; x_wconf 89' lang='lat' dir='ltr'><strong>Cui</strong></span> <span class='ocrx_word' id='word_1_139' title='bbox 1774 2302 1892 2403; x_wconf 89' lang='lat' dir='ltr'><strong>qui</strong></span> <span class='ocrx_word' id='word_1_140' title='bbox 1923 2300 2244 2375; x_wconf 87' lang='lat' dir='ltr'><strong>successit</strong></span> <span class='ocrx_word' id='word_1_141' title='bbox 2267 2301 2614 2387; x_wconf 83' lang='lat' dir='ltr'><strong>Romulus,</strong></span> <span class='ocrx_word' id='word_1_142' title='bbox 2648 2300 2868 2376; x_wconf 82' lang='lat' dir='ltr'><strong>sactus</strong></span> 
     </span>
    </p>
   </div>
   <div class='ocr_carea' id='block_1_5' title="bbox 727 2416 2184 2521">
    <p class='ocr_par' dir='ltr' id='par_1_5' title="bbox 727 2416 2184 2521">
     <span class='ocr_line' id='line_1_17' title="bbox 727 2416 2184 2521; baseline -0.003 -29"><span class='ocrx_word' id='word_1_143' title='bbox 727 2435 829 2493; x_wconf 92' lang='lat' dir='ltr'><strong>est</strong></span> <span class='ocrx_word' id='word_1_144' title='bbox 871 2418 1208 2519; x_wconf 81' lang='lat' dir='ltr'><strong>Qain&#39;nus,</strong></span> <span class='ocrx_word' id='word_1_145' title='bbox 1258 2419 1532 2521; x_wconf 89' lang='lat' dir='ltr'><strong>ejusque</strong></span> <span class='ocrx_word' id='word_1_146' title='bbox 1573 2447 1744 2492; x_wconf 81' lang='lat' dir='ltr'><strong>uxor</strong></span> <span class='ocrx_word' id='word_1_147' title='bbox 1786 2416 1932 2491; x_wconf 86' lang='lat' dir='ltr'><strong>Ora</strong></span> <span class='ocrx_word' id='word_1_148' title='bbox 1958 2419 2120 2492; x_wconf 90' lang='lat' dir='ltr'><strong>Dea.</strong></span> <span class='ocrx_word' id='word_1_149' title='bbox 2180 2424 2184 2428; x_wconf 82' lang='grc'><strong><em>’</em></strong></span> 
     </span>
    </p>
   </div>
   <div class='ocr_carea' id='block_1_6' title="bbox 720 2590 2866 3173">
    <p class='ocr_par' dir='ltr' id='par_1_6' title="bbox 720 2590 2866 3173">
     <span class='ocr_line' id='line_1_18' title="bbox 820 2590 2865 2692; baseline 0 -25"><span class='ocrx_word' id='word_1_150' title='bbox 820 2595 976 2669; x_wconf 86' lang='lat' dir='ltr'><strong>LIB.</strong></span> <span class='ocrx_word' id='word_1_151' title='bbox 1016 2595 1168 2667; x_wconf 87' lang='lat' dir='ltr'><strong>XV.</strong></span> <span class='ocrx_word' id='word_1_152' title='bbox 1206 2593 1489 2669; x_wconf 88' lang='lat' dir='ltr'><strong>Secutus</strong></span> <span class='ocrx_word' id='word_1_153' title='bbox 1524 2610 1625 2667; x_wconf 90' lang='lat' dir='ltr'><strong>est</strong></span> <span class='ocrx_word' id='word_1_154' title='bbox 1658 2595 1918 2677; x_wconf 83' lang='lat' dir='ltr'><strong>Numa,</strong></span> <span class='ocrx_word' id='word_1_155' title='bbox 1979 2591 2098 2692; x_wconf 88' lang='lat' dir='ltr'><strong>qui</strong></span> <span class='ocrx_word' id='word_1_156' title='bbox 2132 2618 2340 2691; x_wconf 89' lang='lat' dir='ltr'><strong>quum</strong></span> <span class='ocrx_word' id='word_1_157' title='bbox 2373 2590 2453 2664; x_wconf 85' lang='lat' dir='ltr'><strong>de</strong></span> <span class='ocrx_word' id='word_1_158' title='bbox 2488 2590 2865 2686; x_wconf 82' lang='lat' dir='ltr'><strong>originibus</strong></span> 
     </span>
     <span class='ocr_line' id='line_1_19' title="bbox 727 2716 2866 2823; baseline -0.001 -26"><span class='ocrx_word' id='word_1_159' title='bbox 727 2722 1041 2797; x_wconf 85' lang='lat' dir='ltr'><strong>Crotonis</strong></span> <span class='ocrx_word' id='word_1_160' title='bbox 1078 2737 1432 2823; x_wconf 70' lang='lat' dir='ltr'><strong>quaereret,</strong></span> <span class='ocrx_word' id='word_1_161' title='bbox 1465 2720 1671 2820; x_wconf 59' lang='lat' dir='ltr'><strong>mgrros</strong></span> <span class='ocrx_word' id='word_1_162' title='bbox 1703 2717 1972 2792; x_wconf 76' lang='lat' dir='ltr'><strong>calculos</strong></span> <span class='ocrx_word' id='word_1_163' title='bbox 2003 2716 2343 2819; x_wconf 85' lang='lat' dir='ltr'><strong>quondam</strong></span> <span class='ocrx_word' id='word_1_164' title='bbox 2369 2716 2440 2790; x_wconf 86' lang='lat' dir='ltr'><strong>in</strong></span> <span class='ocrx_word' id='word_1_165' title='bbox 2461 2717 2637 2792; x_wconf 85' lang='lat' dir='ltr'><strong>albos</strong></span> <span class='ocrx_word' id='word_1_166' title='bbox 2657 2718 2866 2795; x_wconf 83' lang='lat' dir='ltr'><strong>fuisse</strong></span> 
     </span>
     <span class='ocr_line' id='line_1_20' title="bbox 723 2832 2866 2940; baseline 0 -30"><span class='ocrx_word' id='word_1_167' title='bbox 723 2855 1163 2911; x_wconf 88' lang='lat' dir='ltr'><strong>commutatos</strong></span> <span class='ocrx_word' id='word_1_168' title='bbox 1199 2836 1524 2939; x_wconf 87' lang='lat' dir='ltr'><strong>comperit</strong></span> <span class='ocrx_word' id='word_1_169' title='bbox 1550 2891 1569 2924; x_wconf 87' lang='lat'>,</span> <span class='ocrx_word' id='word_1_170' title='bbox 1621 2852 1689 2909; x_wconf 92' lang='lat' dir='ltr'><strong>et</strong></span> <span class='ocrx_word' id='word_1_171' title='bbox 1721 2832 2150 2940; x_wconf 71' lang='lat' dir='ltr'><strong>Pythagoram</strong></span> <span class='ocrx_word' id='word_1_172' title='bbox 2192 2832 2274 2906; x_wconf 90' lang='lat' dir='ltr'><strong>de</strong></span> <span class='ocrx_word' id='word_1_173' title='bbox 2304 2834 2614 2935; x_wconf 68' lang='lat' dir='ltr'><strong>perpetuis</strong></span> <span class='ocrx_word' id='word_1_174' title='bbox 2641 2863 2866 2911; x_wconf 85' lang='lat' dir='ltr'><strong>rerum</strong></span> 
     </span>
     <span class='ocr_line' id='line_1_21' title="bbox 721 2950 2862 3055; baseline 0 -27"><span class='ocrx_word' id='word_1_175' title='bbox 721 2955 1354 3055; x_wconf 78' lang='lat' dir='ltr'><strong>transfhnnatiom&#39;bus</strong></span> <span class='ocrx_word' id='word_1_176' title='bbox 1402 2953 1856 3055; x_wconf 80' lang='lat' dir='ltr'><strong>disputantem</strong></span> <span class='ocrx_word' id='word_1_177' title='bbox 1893 2950 2164 3025; x_wconf 82' lang='lat' dir='ltr'><strong>audivit.</strong></span> <span class='ocrx_word' id='word_1_178' title='bbox 2234 2952 2584 3025; x_wconf 87' lang='lat' dir='ltr'><strong>Mortuum</strong></span> <span class='ocrx_word' id='word_1_179' title='bbox 2625 2952 2862 3028; x_wconf 84' lang='lat' dir='ltr'><strong>deinde</strong></span> 
     </span>
     <span class='ocr_line' id='line_1_22' title="bbox 720 3067 2862 3173; baseline -0 -29"><span class='ocrx_word' id='word_1_180' title='bbox 720 3072 1010 3145; x_wconf 86' lang='lat' dir='ltr'><strong>Numam</strong></span> <span class='ocrx_word' id='word_1_181' title='bbox 1042 3069 1238 3143; x_wconf 89' lang='lat' dir='ltr'><strong>deflet</strong></span> <span class='ocrx_word' id='word_1_182' title='bbox 1265 3069 1530 3170; x_wconf 74' lang='lat' dir='ltr'><strong>Egeria,</strong></span> <span class='ocrx_word' id='word_1_183' title='bbox 1573 3097 1696 3145; x_wconf 89' lang='lat' dir='ltr'><strong>nec</strong></span> <span class='ocrx_word' id='word_1_184' title='bbox 1730 3067 2067 3173; x_wconf 79' lang='lat' dir='ltr'><strong>Hippolyti</strong></span> <span class='ocrx_word' id='word_1_185' title='bbox 2089 3126 2107 3153; x_wconf 90' lang='lat'>‚</span> <span class='ocrx_word' id='word_1_186' title='bbox 2143 3067 2261 3167; x_wconf 87' lang='lat' dir='ltr'><strong>qui</strong></span> <span class='ocrx_word' id='word_1_187' title='bbox 2284 3094 2438 3141; x_wconf 86' lang='lat' dir='ltr'><strong>suas</strong></span> <span class='ocrx_word' id='word_1_188' title='bbox 2464 3067 2595 3168; x_wconf 89' lang='lat' dir='ltr'><strong>ipsi</strong></span> <span class='ocrx_word' id='word_1_189' title='bbox 2619 3095 2862 3144; x_wconf 76' lang='lat' dir='ltr'><strong>conver-</strong></span> 
     </span>
    </p>
   </div>
   <div class='ocr_carea' id='block_1_7' title="bbox 718 3183 2858 3521">
    <p class='ocr_par' dir='ltr' id='par_1_7' title="bbox 718 3183 2858 3521">
     <span class='ocr_line' id='line_1_23' title="bbox 718 3183 2858 3286; baseline 0 -28"><span class='ocrx_word' id='word_1_190' title='bbox 718 3186 913 3259; x_wconf 78' lang='lat' dir='ltr'><strong>siones</strong></span> <span class='ocrx_word' id='word_1_191' title='bbox 961 3186 1308 3273; x_wconf 82' lang='lat' dir='ltr'><strong>narrabat,</strong></span> <span class='ocrx_word' id='word_1_192' title='bbox 1364 3184 1894 3261; x_wconf 87' lang='lat' dir='ltr'><strong>consolationem</strong></span> <span class='ocrx_word' id='word_1_193' title='bbox 1941 3184 2332 3273; x_wconf 76' lang='lat' dir='ltr'><strong>admittenS,</strong></span> <span class='ocrx_word' id='word_1_194' title='bbox 2379 3184 2451 3257; x_wconf 91' lang='lat' dir='ltr'><strong>in</strong></span> <span class='ocrx_word' id='word_1_195' title='bbox 2479 3183 2724 3286; x_wconf 77' lang='lat' dir='ltr'><strong>fhntem</strong></span> <span class='ocrx_word' id='word_1_196' title='bbox 2776 3184 2858 3259; x_wconf 91' lang='lat' dir='ltr'><strong>li-</strong></span> 
     </span>
     <span class='ocr_line' id='line_1_24' title="bbox 720 3300 2857 3404; baseline 0 -28"><span class='ocrx_word' id='word_1_197' title='bbox 720 3303 997 3404; x_wconf 89' lang='lat' dir='ltr'><strong>quescit.</strong></span> <span class='ocrx_word' id='word_1_198' title='bbox 1048 3302 1131 3375; x_wconf 81' lang='lat' dir='ltr'><strong>ld</strong></span> <span class='ocrx_word' id='word_1_199' title='bbox 1172 3302 1358 3403; x_wconf 85' lang='lat' dir='ltr'><strong>quod</strong></span> <span class='ocrx_word' id='word_1_200' title='bbox 1389 3331 1527 3376; x_wconf 89' lang='lat' dir='ltr'><strong>non</strong></span> <span class='ocrx_word' id='word_1_201' title='bbox 1561 3302 1787 3376; x_wconf 88' lang='lat' dir='ltr'><strong>minus</strong></span> <span class='ocrx_word' id='word_1_202' title='bbox 1818 3301 1949 3375; x_wconf 84' lang='lat' dir='ltr'><strong>suit</strong></span> <span class='ocrx_word' id='word_1_203' title='bbox 1981 3300 2358 3375; x_wconf 86' lang='lat' dir='ltr'><strong>mirandum</strong></span> <span class='ocrx_word' id='word_1_204' title='bbox 2378 3358 2397 3390; x_wconf 85' lang='lat'><strong>‚</strong></span> <span class='ocrx_word' id='word_1_205' title='bbox 2440 3331 2638 3403; x_wconf 90' lang='lat' dir='ltr'><strong>quam</strong></span> <span class='ocrx_word' id='word_1_206' title='bbox 2674 3302 2857 3403; x_wconf 83' lang='lat' dir='ltr'><strong>quod</strong></span> 
     </span>
     <span class='ocr_line' id='line_1_25' title="bbox 718 3418 2855 3521; baseline -0 -27"><span class='ocrx_word' id='word_1_207' title='bbox 718 3419 792 3494; x_wconf 92' lang='lat' dir='ltr'><em>T</em></span> <span class='ocrx_word' id='word_1_208' title='bbox 784 3447 928 3521; x_wconf 73' lang='lat' dir='ltr'><strong>ages</strong></span> <span class='ocrx_word' id='word_1_209' title='bbox 947 3448 981 3493; x_wconf 90' lang='lat' dir='ltr'><strong>e</strong></span> <span class='ocrx_word' id='word_1_210' title='bbox 995 3418 1183 3521; x_wconf 77' lang='lat' dir='ltr'><strong>gleba</strong></span> <span class='ocrx_word' id='word_1_211' title='bbox 1199 3437 1409 3506; x_wconf 86' lang='lat' dir='ltr'><strong>ortus,</strong></span> <span class='ocrx_word' id='word_1_212' title='bbox 1438 3418 1714 3494; x_wconf 87' lang='lat' dir='ltr'><strong>Romuli</strong></span> <span class='ocrx_word' id='word_1_213' title='bbox 1737 3419 1949 3492; x_wconf 84' lang='lat' dir='ltr'><strong>lancea</strong></span> <span class='ocrx_word' id='word_1_214' title='bbox 1968 3419 2171 3504; x_wconf 88' lang='lat' dir='ltr'><strong>arbor,</strong></span> <span class='ocrx_word' id='word_1_215' title='bbox 2201 3437 2270 3493; x_wconf 95' lang='lat' dir='ltr'><strong>et</strong></span> <span class='ocrx_word' id='word_1_216' title='bbox 2286 3420 2506 3521; x_wconf 84' lang='lat' dir='ltr'><strong>cippus</strong></span> <span class='ocrx_word' id='word_1_217' title='bbox 2531 3437 2855 3494; x_wconf 87' lang='lat' dir='ltr'><strong>cornutus</strong></span> 
     </span>
    </p>
   </div>
   <div class='ocr_carea' id='block_1_8' title="bbox 713 3535 2854 3757">
    <p class='ocr_par' dir='ltr' id='par_1_8' title="bbox 713 3535 2854 3757">
     <span class='ocr_line' id='line_1_26' title="bbox 714 3535 2853 3639; baseline 0 -28"><span class='ocrx_word' id='word_1_218' title='bbox 714 3536 948 3612; x_wconf 84' lang='lat' dir='ltr'><strong>factus.</strong></span> <span class='ocrx_word' id='word_1_219' title='bbox 986 3538 1163 3610; x_wconf 90' lang='lat' dir='ltr'><strong>Tum</strong></span> <span class='ocrx_word' id='word_1_220' title='bbox 1195 3536 1435 3611; x_wconf 85' lang='lat' dir='ltr'><strong>transit</strong></span> <span class='ocrx_word' id='word_1_221' title='bbox 1468 3553 1668 3636; x_wconf 91' lang='lat' dir='ltr'><strong>poeta</strong></span> <span class='ocrx_word' id='word_1_222' title='bbox 1697 3535 1780 3609; x_wconf 85' lang='lat' dir='ltr'><strong>ad</strong></span> <span class='ocrx_word' id='word_1_223' title='bbox 1813 3535 2197 3637; x_wconf 68' lang='lat' dir='ltr'><strong>praesentia,</strong></span> <span class='ocrx_word' id='word_1_224' title='bbox 2243 3555 2596 3639; x_wconf 87' lang='lat' dir='ltr'><strong>narratque</strong></span> <span class='ocrx_word' id='word_1_225' title='bbox 2616 3593 2636 3627; x_wconf 91' lang='lat'><strong>‚</strong></span> <span class='ocrx_word' id='word_1_226' title='bbox 2684 3565 2853 3639; x_wconf 86' lang='lat' dir='ltr'><strong>quo-</strong></span> 
     </span>
     <span class='ocr_line' id='line_1_27' title="bbox 713 3652 2854 3757; baseline 0 -29"><span class='ocrx_word' id='word_1_227' title='bbox 713 3653 917 3728; x_wconf 90' lang='lat' dir='ltr'><strong>modo</strong></span> <span class='ocrx_word' id='word_1_228' title='bbox 953 3654 1381 3755; x_wconf 76' lang='lat' dir='ltr'><strong>AEscuIapius</strong></span> <span class='ocrx_word' id='word_1_229' title='bbox 1403 3653 1535 3728; x_wconf 93' lang='lat' dir='ltr'><strong>coli</strong></span> <span class='ocrx_word' id='word_1_230' title='bbox 1556 3683 1593 3727; x_wconf 88' lang='lat' dir='ltr'><strong>a</strong></span> <span class='ocrx_word' id='word_1_231' title='bbox 1615 3652 1940 3728; x_wconf 86' lang='lat' dir='ltr'><strong>Romanis</strong></span> <span class='ocrx_word' id='word_1_232' title='bbox 1967 3652 2038 3727; x_wconf 93' lang='lat' dir='ltr'><strong>in</strong></span> <span class='ocrx_word' id='word_1_233' title='bbox 2062 3652 2278 3728; x_wconf 88' lang='lat' dir='ltr'><strong>insula</strong></span> <span class='ocrx_word' id='word_1_234' title='bbox 2302 3654 2569 3731; x_wconf 87' lang='lat' dir='ltr'><strong>Tiberis</strong></span> <span class='ocrx_word' id='word_1_235' title='bbox 2594 3671 2854 3757; x_wconf 85' lang='lat' dir='ltr'><strong>coeptus</strong></span> 
     </span>
    </p>
   </div>
   <div class='ocr_carea' id='block_1_9' title="bbox 716 3769 2336 3873">
    <p class='ocr_par' dir='ltr' id='par_1_9' title="bbox 716 3769 2336 3873">
     <span class='ocr_line' id='line_1_28' title="bbox 716 3769 2336 3873; baseline -0.002 -26"><span class='ocrx_word' id='word_1_236' title='bbox 716 3769 831 3861; x_wconf 86' lang='lat' dir='ltr'><strong>sit,</strong></span> <span class='ocrx_word' id='word_1_237' title='bbox 867 3770 933 3847; x_wconf 85' lang='lat' dir='ltr'><em>J</em></span> <span class='ocrx_word' id='word_1_238' title='bbox 927 3772 1217 3873; x_wconf 57' lang='lat' dir='ltr'><strong>ulcusque</strong></span> <span class='ocrx_word' id='word_1_239' title='bbox 1250 3769 1472 3844; x_wconf 86' lang='lat' dir='ltr'><strong>Coesar</strong></span> <span class='ocrx_word' id='word_1_240' title='bbox 1501 3771 1573 3843; x_wconf 90' lang='lat' dir='ltr'><strong>in</strong></span> <span class='ocrx_word' id='word_1_241' title='bbox 1603 3769 1843 3843; x_wconf 85' lang='lat' dir='ltr'><strong>stellam</strong></span> <span class='ocrx_word' id='word_1_242' title='bbox 1872 3786 2336 3844; x_wconf 76' lang='lat' dir='ltr'><strong>commutatus.</strong></span> 
     </span>
    </p>
   </div>
   <div class='ocr_carea' id='block_1_10' title="bbox 1551 4050 2031 4077">
    <p class='ocr_par' dir='ltr' id='par_1_10' title="bbox 1551 4050 2031 4077">
     <span class='ocr_line' id='line_1_29' title="bbox 1551 4050 2031 4077; baseline -0.004 0"><span class='ocrx_word' id='word_1_243' title='bbox 1551 4050 2031 4077; x_wconf 53' lang='grc' dir='ltr'><strong>-Φ-</strong></span> 
     </span>
    </p>
   </div>
  </div>
 </body>
</html>
