3217 5134
620 561 1684 631 METAMORPHOSEON
1737 563 1940 633 LIB.
2004 566 2064 632 1.

2290 567 2410 634 103

255 707 461 806 Eque
496 704 860 800 sagittifera
897 704 1185 807 promsit
1218 704 1353 778 duo
1393 704 1521 779 tela
1552 706 1867 805 pharetra

259 823 707 897 Diversorum
742 850 1059 924 operum3
1096 821 1286 918 fugat
1316 821 1482 908 hoc,
1519 819 1679 895 facit
1713 819 1879 894 illud
1915 849 2205 896 amorem
2233 850 2250 894 t

266 939 482 1038 Quod
518 938 712 1027 facit,
749 956 1051 1014 auratum
1086 956 1220 1028 est,
1261 955 1330 1012 et
1363 937 1638 1039 cuspide
1672 935 1886 1033 fulget
1918 954 2107 1012 acuta
2136 968 2152 1025 ;

2321 959 2422 1030 47⁰

271 1055 492 1153 Quod
511 1054 719 1150 fugat,
747 1056 1068 1129 obtusum
1093 1072 1214 1142 est,
1238 1072 1306 1130 et
1325 1054 1528 1128 habet
1546 1055 1681 1130 sub
1697 1055 2019 1130 arundine
2045 1054 2419 1158 plumbum.

272 1173 438 1245 Hoc
470 1171 656 1250 Deus
690 1168 762 1241 in
798 1169 1107 1271 Nympha
1143 1169 1429 1245 Peneide
1462 1169 1640 1260 fixit3
1680 1190 1748 1246 at
1782 1171 1901 1245 illo

270 1287 485 1362 Laesit
516 1284 904 1387 Apollineas
938 1285 1205 1386 trajecta
1238 1315 1363 1389 per
1389 1316 1540 1362 ossa
1576 1287 1918 1364 medullas».

269 1411 604 1485 Protinus
636 1408 803 1484 alter
832 1426 1045 1497 amat3
1081 1409 1258 1506 sugit
1287 1410 1493 1485 altera
1525 1439 1775 1485 nomen
1803 1410 2087 1486 amantis
2105 1468 2126 1502 ‚

268 1533 606 1608 Silvarum
640 1531 916 1607 latebris
935 1589 953 1622 ‚
992 1535 1531 1637 captivarumque
1563 1535 1850 1610 ferarum
1878 1553 1881 1556 '

2319 1555 2423 1626 47⁵

264 1655 554 1731 Exuviis
587 1656 883 1752 gaudens
903 1712 921 1746 ‚
961 1655 1392 1759 innuptaeque
1429 1656 1662 1732 aemula
1698 1658 2030 1750 Phoehes3

269 1781 469 1854 Vitta
495 1780 846 1854 coercebat
875 1779 1142 1882 positos
1177 1780 1318 1856 sine
1351 1780 1497 1878 lege
1532 1781 1831 1884 capillos.

271 1903 491 1979 Multi
525 1903 710 1979 illam
737 1905 989 2006 petiere
1020 1936 1036 1980 ε
1069 1905 1182 1982 illa
1216 1925 1506 1982 aversata
1540 1925 1844 2010 petentes
1863 1963 1883 1995 ,

276 2028 649 2130 Impatiens
679 2054 1044 2132 expersque
1076 2029 1235 2122 viri,
1270 2060 1617 2107 nemorum
1642 2031 1784 2106 avia
1812 2029 2083 2118 lustrat3

351 2233 467 2300 468.
480 2233 640 2303 Eque.
652 2231 832 2288 Nostri
842 2232 951 2287 duo
963 2231 1135 2288 Codd.
1146 2243 1310 2305 atque.

283 2309 603 2380 Elegantior
622 2322 804 2366 nostro
832 2311 1029 2379 iudicio
1051 2312 1310 2384 praeposi-

281 2389 450 2443 tionis
472 2389 699 2443 omissio.

349 2467 468 2538 469.
491 2469 814 2534 ,Deversomm
825 2487 1026 2538 operum
1039 2511 1055 2535 ,
1080 2488 1311 2541 quorum

279 2544 362 2599 vis
389 2543 612 2599 diversa.

347 2624 465 2692 473.
501 2623 662 2677 lesi!
688 2626 1006 2693 Apollineas.
1046 2627 1311 2681 Vulnerat

282 2699 504 2772 Cupido
530 2720 637 2755 uon
664 2702 827 2756 modo
836 2704 1015 2771 jecm.
1049 2705 1190 2775 quod
1214 2726 1311 2759 se—

277 2779 378 2834 des
419 2781 704 2849 putabatur
741 2801 851 2836 esse
895 2793 949 2836 et
986 2781 1310 2837 domicilium

277 2859 482 2912 amoris
502 2897 518 2926 ,
549 2858 642 2912 sed
677 2860 838 2912 etiam
862 2864 1139 2924 medullas,
1189 2862 1312 2931 quia

279 2956 439 2990 amor
453 2948 533 2992 est
546 2939 679 3008 ignis
691 2957 789 3009 per
798 2958 911 2995 ossa
923 2961 1155 3012 serpens.
1171 2943 1310 2997 Vide

280 3014 339 3069 ll
354 3053 373 3080 ‚
396 3015 528 3081 4103
556 3015 705 3086 Virg.
729 3016 855 3070 AEn.
871 3017 1009 3073 VIII
1025 3058 1042 3086 ,
1061 3021 1310 3089 388seq.;

281 3093 478 3148 Seuec.
504 3094 670 3166 Hipp.
697 3098 809 3151 281.

354 3177 469 3244 475.
509 3177 771 3249 Syloamm
802 3181 1027 3232 latebris.
1061 3176 1312 3231 Venandi

279 3250 527 3306 studium
562 3254 707 3309 inter
730 3256 924 3310 amoris
955 3255 1191 3310 remedia
1215 3274 1314 3309 re-

283 3331 464 3384 fertur
488 3332 641 3385 Rem.
671 3334 794 3386 Am.
826 3353 935 3407 ¹99-
969 3334 1114 3388 Hinc
1140 3333 1316 3388 Diana

280 3414 532 3477 innupta5
552 3409 677 3463 hinc
689 3410 875 3481 puelle
891 3412 1154 3466 connubia
1172 3431 1322 3466 aver-

282 3497 468 3541 santes
489 3489 701 3542 venatui
726 3492 941 3560 operam
969 3489 1192 3557 dabant,
1221 3491 1277 3545 11
1299 3529 1315 3558 ,

283 3568 392 3633 4¹2
415 3585 528 3635 sqq.
562 3565 672 3620 sed
699 3566 830 3635 hoc,
873 3568 1102 3638 Daphne
1129 3567 1190 3622 fit
1213 3588 1318 3621 ve·-

281 3645 496 3711 natrix,
536 3648 739 3716 poetice
773 3647 1007 3701 elocutus
1039 3657 1149 3714 est,
1192 3645 1245 3699 h‘.
1270 3666 1316 3700 e.

277 3725 452 3796 signis
481 3725 793 3778 venantium
825 3724 1318 3779 commemorandis.

278 3807 541 3859 Silemn
570 3806 803 3869 latebra,
844 3804 1081 3857 serarum
1108 3802 1319 3860 latebre

278 3882 350 3935 in
369 3880 523 3933 silvis.

360 3956 478 4026 476.
504 3957 718 4012 Euam
741 3960 979 4012 serarum
1003 3970 1182 4029 tegere
1204 3958 1319 4012 hu-

275 4053 476 4093 meros
497 4036 730 4091 solebant
754 4036 1048 4109 Nymphae,
1083 4036 1317 4091 Dianam

279 4113 621 4169 comitantes.
641 4115 888 4185 Apollon.
911 4115 1015 4169 Rh.
1034 4113 1118 4170 lv
1135 4154 1150 4181 ‚
1174 4117 1316 4182 1348.

281 4223 360 4241 --
383 4198 627 4250 Gaadens
646 4238 661 4260 ,
680 4201 922 4273 τερπομένη
943 4237 959 4264 ,
992 4215 1201 4264 amans,
1230 4208 1324 4251 aut

284 4284 485 4329 ornata
500 4273 714 4330 exuviis.
732 4274 1106 4346 Virg.AEneid.
1122 4275 1169 4341 1,
1193 4278 1288 4345 275
1303 4316 1320 4346 ,

288 4355 567 4410 Romulus
580 4360 712 4424 lupe
733 4361 946 4424 tegmine
960 4358 1125 4410 letas.

1474 2237 1585 2303 477.
1615 2235 1760 2288 Ve'tta
1774 2230 2061 2286 coerccn'h.
2081 2250 2128 2284 e.
2144 2230 2433 2302 constringi

1407 2311 1645 2364 solebant
1664 2311 1808 2364 cultu
1822 2310 2040 2380 simplici
2058 2307 2325 2379 virgiuum
2338 2326 2433 2361 co-

1406 2407 1508 2442 mae
1524 2427 1539 2455 ,
1568 2408 1636 2443 ne
1658 2388 2086 2442 diffunderentur
2109 2407 2121 2440 z
2147 2386 2263 2441 vide
2288 2387 2434 2440 Tur-

1406 2470 1528 2523 neb.
1557 2468 1779 2524 Advers.
1810 2485 1954 2524 xxln
1972 2508 1987 2537 ,
2018 2474 2062 2523 5.
2103 2468 2433 2522 Dicebantur

1406 2553 1545 2601 ville
1560 2553 1795 2617 virginee
1811 2547 1986 2620 (virg.
2012 2545 2139 2601 AEn.
2160 2548 2245 2615 11,
2278 2547 2394 2613 168)
2415 2585 2432 2613 ‚

1408 2646 1437 2680 a
1449 2627 1639 2696 quibus
1656 2626 1871 2688 diversae
1889 2629 2211 2679 matronales.
2234 2653 2301 2668 ·-
2316 2627 2433 2679 Po-

1406 2712 1536 2759 se’tos
1555 2711 1666 2759 sine
1686 2709 1794 2774 Iege
1810 2746 1824 2770 ,
1867 2704 2242 2774 incompositos
2263 2742 2278 2770 ,
2318 2718 2430 2757 non

1406 2784 1733 2838 cincinnatos
1757 2797 1770 2830 Ξ
1794 2790 1907 2836 sine
1928 2787 2061 2850 lege,
2096 2787 2299 2847 ἄτακτα,
2326 2783 2438 2834 ἀκό-

1410 2886 1552 2931 σμως.
1573 2861 1764 2916 Αυεετ.
1782 2861 1889 2916 od.
1905 2877 2038 2914 xxm
2051 2899 2066 2927 ,
2093 2879 2136 2929 7.
2155 2857 2434 2912 Claudian.

1409 2941 1474 2995 35
1489 2979 1504 3006 ,
1535 2941 1631 3012 149
1643 2979 1660 3007 ,
1683 2942 1961 2992 libertatem
1983 2953 2235 2991 comanam
2249 2947 2399 2990 vocat
2418 2975 2435 3003 ,

1410 3038 1571 3091 quam
1603 3020 1777 3072 Diana
1810 3020 2004 3086 injecta
2033 3023 2226 3070 lantum
2248 3034 2438 3070 corona

1394 3099 1725 3169 frenet-Eam
1736 3101 2034 3154 libertatem
2044 3098 2265 3153 illustrat
2272 3097 2438 3168 Span-

1412 3178 1555 3236 hem.
1571 3178 1638 3232 ad
1658 3177 1789 3233 Call.
1809 3199 1860 3250 p.
1883 3178 1998 3232 660.
2019 3180 2214 3231 Ponere
2234 3187 2288 3230 et
2300 3195 2438 3230 com-

1399 3276 1589 3324 ponere
1603 3257 1813 3327 proprie
1827 3255 1891 3310 de
1903 3267 2094 3310 ornatu
2111 3255 2436 3326 capillorum.

1476 3338 1588 3407 479.
1613 3338 1889 3405 Impatiens
1911 3339 2022 3388 w'ri.
2064 3333 2437 3389 Reformidaus

1414 3411 1855 3467 consuetudinem
1870 3412 1971 3465 viri
1984 3451 1998 3478 ,
2021 3431 2195 3481 neque
2214 3411 2439 3465 nubens.

1415 3489 1552 3544 Fast.
1579 3489 1659 3545 Vl
1679 3530 1693 3557 ,
1730 3493 1856 3558 288,
1889 3508 2054 3559 quum
2079 3487 2196 3542 duoe
2220 3487 2440 3557 nupsis-

1412 3578 1557 3634 sent,
1578 3570 1664 3622 De
1676 3571 1837 3621 tribas
1848 3571 2120 3636 impatiens
2132 3569 2319 3619 reslt'le'!
2334 3585 2440 3617 aaa

1415 3651 1526 3700 w'n'.
1546 3674 1616 3686 —-
1629 3647 1875 3715 Expertes
1896 3651 2058 3699 virum
2073 3647 2255 3713 puella
2279 3643 2441 3697 etiam

1417 3725 1556 3796 apud
1582 3726 1771 3780 Horat.
1797 3726 1913 3792 111,
1956 3724 2062 3780 od.
2090 3740 2219 3790 xw,
2257 3742 2346 3790 xo,
2378 3743 2442 3777 ex

1416 3804 1682 3858 emendat.
1702 3802 1974 3874 Cuningh.
1991 3801 2124 3857 Inde
2140 3813 2318 3856 autern
2331 3801 2441 3856 lau-

1415 3901 1507 3937 rus
1542 3901 1753 3952 quoque
1787 3888 1936 3936 casta
1973 3880 2165 3935 dicitur
2200 3901 2229 3934 a
2264 3880 2442 3933 Tibul.

1419 3963 1525 4029 111,
1544 3978 1624 4028 IV,
1645 3962 1786 4014 23-
1800 3961 2061 4013 Nemorum
2085 3964 2222 4025 avia,
2239 3976 2336 4029 pro
2351 3976 2443 4011 ae-

1417 4059 1559 4098 mora
1579 4043 1701 4092 aeia
1718 4080 1732 4102 ,
1776 4040 1947 4092 forma
1969 4036 2219 4106 loquendi
2244 4051 2407 4106 groeca
2424 4075 2442 4102 ,

1420 4137 1580 4190 quam
1602 4137 1714 4171 non
1737 4118 1909 4172 solum
1937 4127 2106 4187 poeta
2127 4114 2272 4168 latini
2293 4156 2306 4176 ,
2347 4113 2442 4168 sed

1418 4196 1579 4249 etiam
1593 4194 1812 4267 prosaici
1822 4193 2102 4264 scriptores
2111 4191 2296 4247 imitati
2305 4202 2445 4245 sunt.

1419 4273 1616 4330 Justin.
1633 4273 1757 4330 XLI
1774 4316 1789 4343 ,
1809 4291 1830 4326 1
1846 4316 1861 4342 ,
1886 4295 1907 4329 1
1919 4295 1942 4329 1
1959 4295 1973 4328 z
1998 4275 2071 4327 Ul
2084 4294 2184 4327 noa
2202 4279 2451 4326 balneum

1418 4361 1619 4411 tantam
1638 4374 1706 4409 ac
1716 4354 1979 4424 profunda
1998 4372 2284 4423 camporum
2302 4394 2319 4418 ,
2356 4372 2458 4407 w·-
