3217 5134
625 562 1687 634 METAMORPHOSEON
1740 566 1943 633 LIB.
2009 565 2068 631 Ι.

2289 588 2405 632 101

257 703 608 804 Tempora
641 703 952 800 cingebat
985 704 1066 778 de
1102 704 1406 806 qualibet
1436 705 1675 780 arbore
1705 705 2027 781 Phoebus.

368 821 527 893 Vll.
581 820 849 894 Primus
880 849 1068 895 amor
1101 821 1342 896 Phoebi
1378 823 1667 922 Daphne
1694 823 1977 912 Peneia3
2019 850 2219 923 quem
2248 850 2386 894 non

263 937 447 1010 Fors
480 937 713 1033 ignara
748 937 964 1026 dedit,
1001 937 1119 1012 sed
1154 965 1322 1012 saeva
1357 938 1715 1039 Cupidinis
1746 938 1864 1012 ira.

264 1058 515 1132 Delius
550 1060 730 1134 hunc
759 1089 977 1163 nuper
993 1116 1013 1149 ‚
1048 1060 1221 1135 victa
1255 1078 1557 1162 serpente
1595 1061 1926 1162 superbus
1945 1115 1964 1149 ,
2019 1132 2023 1137 .

263 1181 555 1256 Viderat
585 1182 873 1258 adducto
904 1183 1276 1259 flectentem
1304 1212 1553 1258 cornua
1590 1212 1837 1258 nervo:

2319 1200 2424 1270 4⁵⁵

276 1339 315 1371 α
350 1304 679 1406 Quidque
717 1306 875 1397 tibi,
909 1305 1147 1382 lascive
1179 1336 1382 1410 puer,
1421 1336 1570 1382 cum
1601 1305 1896 1381 fortibus
1930 1303 2184 1378 armis?

340 1517 598 1586 452-567.
623 1520 825 1576 Prms
841 1537 988 1572 amor
1002 1522 1190 1574 Pha-51·
1204 1529 1303 1575 etc.

271 1595 477 1665 Apollo
499 1607 643 1648 amat
665 1595 951 1666 Daphnem
968 1637 984 1664 ,
1013 1596 1306 1669 nympham

267 1674 713 1727 formosissimam
732 1697 744 1737 ;
773 1693 891 1743 quae
913 1693 1079 1745 quum
1102 1678 1305 1745 sugeret

270 1750 526 1805 instantis
542 1752 657 1819 ejus
673 1752 942 1821 amplexus
955 1792 970 1820 ,
995 1772 1024 1806 a
1047 1763 1194 1822 patre
1213 1755 1318 1806 cu-'

275 1830 364 1899 jus
405 1847 565 1898 opem
607 1829 921 1900 implorabat
939 1872 955 1897 ,
1003 1832 1059 1884 in
1096 1831 1305 1885 laurum

274 1925 535 1961 conversa
548 1917 644 1961 eat.
671 1907 818 1962 Hinc
836 1909 1045 1963 laurum
1064 1928 1214 1962 suam
1233 1910 1306 1963 se·

273 1985 351 2040 cit
389 1984 587 2056 Apollo
628 1986 872 2039 arborem
897 1993 928 2054 ‚⁸
970 1986 1122 2057 eique
1160 1986 1307 2040 dedit

273 2083 488 2118 nomen
516 2067 679 2139 δέρη.
717 2063 803 2118 Cf.
831 2066 1029 2138 Hygin.
1065 2067 1164 2120 sab.
1192 2068 1306 2120 203.

275 2143 542 2198 Fabulam
555 2143 682 2199 inde
698 2156 878 2199 natam
893 2146 1148 2216 putabant
1165 2162 1310 2200 non-

277 2223 442 2291 nulli,
470 2223 617 2294 quod
647 2224 837 2295 Apollo
859 2225 1100 2280 docuerit
1120 2225 1309 2282 homi-

275 2325 378 2358 nes
413 2306 652 2376 plantare
677 2305 905 2359 laurum.
943 2306 1083 2359 Vide
1113 2305 1307 2360 Euseb.

277 2384 573 2454 Praeparat.
599 2383 801 2454 Evang.
825 2385 912 2452 11,
943 2402 985 2438 ι.
1019 2384 1205 2438 Potius
1226 2384 1310 2437 vi-

275 2462 445 2515 detur
484 2461 626 2516 lusus
670 2462 903 2532 poeticus
942 2479 1068 2516 esse.
1125 2462 1308 2516 Poeta

277 2542 431 2594 enim
446 2581 462 2607 ‚
480 2560 648 2610 quum
663 2541 885 2595 nomina
898 2540 1144 2610 quedam
1153 2542 1307 2611 puel-

274 2618 338 2672 lis
355 2617 674 2692 nymphisve
705 2637 828 2673 cum
855 2617 1048 2689 plantis
1065 2633 1305 2674 eorumn-

277 2696 370 2749 nia
393 2706 600 2763 essent,
624 2696 774 2750 facile
803 2715 870 2749 eo
893 2695 1084 2750 deduci
1106 2708 1307 2766 potue-

278 2786 439 2844 runt,
466 2788 529 2830 ut
549 2776 661 2830 illas
683 2777 740 2830 in
759 2775 852 2830 has
877 2786 1103 2830 mutatas
1124 2775 1308 2847 finge-

277 2866 406 2909 rent
420 2896 436 2922 ‚
463 2855 732 2925 Daphnen
746 2855 804 2909 in
821 2854 1032 2908 laurum
1048 2853 1273 2927 (δέρην)
1290 2893 1307 2923 ,

279 2934 570 3009 Myrrham
589 2936 644 2989 in
662 2935 935 3008 myrrham
950 2934 1193 2987 arborem
1209 2944 1309 2988 ett.

280 3011 561 3066 Ridiculus
573 3030 702 3065 vero
710 3022 788 3066 est
802 3012 838 3065 J
842 3008 1206 3075 ac.-—a·-Cruce,
1219 3009 1313 3079 qui

278 3110 382 3160 per
394 3089 699 3160 Apollinem
711 3090 1008 3160 Augustum
1016 3108 1130 3159 ,per
1136 3087 1310 3159 Daph.

281 3167 494 3220 Liviam
529 3168 772 3239 intelligit
789 3207 805 3236 ,
846 3185 964 3238 qua
996 3206 1012 3234 ,
1059 3176 1311 3236 tanquam

279 3247 467 3300 launna
483 3287 498 3308 ,
547 3247 740 3301 sterilis
771 3247 948 3300 fuerit.
986 3245 1037 3299 A
1070 3244 1314 3298 Diodoro

283 3324 481 3394 Epaita
491 3323 629 3379 hanc
641 3325 744 3378 sab.
757 3334 1030 3378 tractatam
1043 3343 1173 3391 esse,
1191 3342 1316 3377 nar-

280 3403 428 3456 ravit
443 3401 762 3457 Parthenius
773 3403 830 3456 in
843 3402 1085 3469 Eroticis,
1102 3422 1212 3472 cap.
1224 3418 1315 3456 xv.

282 3482 490 3536 Noster
506 3520 523 3546 ‚
549 3480 642 3550 qui
668 3481 824 3534 rebus
852 3480 1117 3534 amatoriis
1139 3480 1316 3540 delec-

279 3560 531 3624 tabatur,
549 3557 638 3612 hie
656 3557 873 3613 indulsit
887 3559 1101 3630 ingenio
1115 3599 1130 3627 ,
1147 3560 1317 3612 multa

280 3637 597 3710 petulanter
604 3637 804 3708 act-ipsit
818 3678 836 3706 ,
847 3638 994 3707 plura
1005 3639 1163 3692 etiam
1173 3636 1316 3691 baud

281 3716 451 3771 dubie
475 3715 586 3786 ipse
612 3715 831 3768 invenit.
857 3714 1138 3770 Traditum
1168 3735 1319 3770 acce-

280 3807 464 3869 perat,
479 3794 780 3865 Apollinem
796 3805 1062 3849 amantem
1078 3814 1189 3847 non
1206 3813 1317 3848 esse

278 3871 628 3929 reclamatum
642 3892 672 3926 a
686 3872 947 3945 Nympha.
967 3871 1030 3927 Id
1050 3872 1320 3926 exornavit

277 3948 603 4004 inventione
623 3949 739 4017 illa,
767 3969 927 4019 quam
950 3951 1215 4017 452-502,
1241 3951 1320 4003 in-

281 4028 565 4096 venimus,
579 4047 679 4099 qua
692 4028 778 4082 hic
791 4028 1006 4101 mythus
1019 4029 1205 4099 triplici
1211 4030 1320 4084 vin·

278 4110 418 4168 culo
438 4110 696 4180 superiori
721 4110 1034 4165 adnectitur.
1054 4138 1122 4154 —-
1150 4114 1322 4178 Quem.

281 4188 519 4246 Obrecti
545 4187 730 4243 Codex
748 4209 911 4259 quam.
932 4216 1000 4230 —·
1024 4192 1188 4244 Amor
1208 4189 1322 4243 du·-

283 4267 416 4342 plici
442 4288 629 4332 sensu3
667 4287 794 4322 nam
817 4280 874 4323 et
896 4279 1124 4323 amatam
1147 4268 1323 4338 signi-

285 4346 421 4403 ficat
436 4385 454 4415 ,
502 4357 559 4401 et
599 4365 838 4401 amorem
854 4386 877 4417 ,
905 4366 1070 4420 quem
1113 4344 1324 4418 Cupido

1400 1523 1566 1584 dedit,
1605 1517 1845 1574 irritavit.
1878 1544 1945 1558 —
1967 1521 2186 1581 Peneia,
2228 1517 2429 1596 penei,

1402 1598 1685 1654 Thessaliae
1704 1597 1851 1651 fluvii
1868 1597 1961 1668 (de
1981 1615 2087 1667 quo
2106 1595 2172 1649 ad
2190 1614 2262 1649 vs.
2278 1595 2395 1666 559)
2410 1632 2427 1661 ‚

1401 1676 1523 1731 filia.
1559 1675 1666 1731 Alii
1700 1695 1861 1743 vero,
1898 1686 1960 1728 ut
1995 1674 2169 1729 Schol.
2201 1673 2427 1726 Homer.

1401 1752 1468 1805 ad
1493 1752 1553 1808 ll.
1577 1761 1650 1821 A,
1684 1757 1770 1821 14,
1797 1752 2063 1822 Daphnen
2089 1751 2286 1805 faciunt
2311 1748 2427 1801 La-

1403 1830 1557 1885 donis
1580 1831 1745 1885 filiam
1765 1872 1780 1898 ,
1819 1831 1911 1901 qui
1939 1841 2016 1885 est
2039 1829 2278 1884 Arcadiae
2309 1826 2428 1879 flu-

1401 1910 1517 1964 vius
1540 1929 1553 1963 ε
1578 1907 1700 1962 vide
1728 1907 1794 1964 ad
1818 1928 1950 1962 vers.
1975 1928 2086 1977 7⁰¹·
2104 1908 2299 1961 Noster
2319 1924 2428 1958 me·

1401 1989 1533 2053 lius3
1561 1987 1753 2059 Apollo
1768 1988 1912 2042 enim
1932 2028 1947 2055 ,
1974 1985 2220 2060 Pythone
2245 1985 2427 2038 inter-

1402 2068 1569 2128 secto,
1611 2066 1669 2119 in
1711 2066 1916 2137 Tempe
1952 2065 2136 2131 latuit,
2177 2082 2273 2134 per
2309 2080 2427 2132 qun
2500 2137 2513 2144 ο

1402 2150 1599 2201 Peneus
1628 2144 1837 2199 labitur.

1470 2224 1585 2290 453.
1605 2226 1731 2276 Fors
1753 2228 1935 2291 ignum
1949 2264 1961 2282 ,
1996 2240 2130 2276 ceca
2151 2261 2167 2290 ,
2210 2222 2390 2291 ignota
2408 2259 2426 2286 ,

1403 2305 1487 2354 ein
1508 2304 1707 2354 blinder
1723 2300 1918 2369 Zusaell.
1942 2300 2013 2354 Et
2020 2301 2143 2368 sors
2164 2302 2304 2352 dedit
2324 2297 2426 2350 sor-

1407 2380 1550 2434 mula
1588 2380 1837 2433 solemnis
1873 2379 1937 2433 de
1983 2380 2046 2432 iis
2062 2419 2077 2447 ,
2117 2397 2234 2448 quae
2267 2396 2388 2432 casu
2408 2415 2424 2442 ,

1404 2461 1539 2514 sorte
1558 2461 1771 2520 fortuna
1784 2500 1799 2528 ,
1815 2460 2086 2514 eveniunt:
2103 2458 2220 2512 vide
2238 2456 2427 2511 Heins-

1403 2566 1470 2580 —
1491 2540 1655 2602 Sava,
1695 2549 1828 2616 rapa}
1844 2579 1859 2607 ,
1898 2540 2129 2592 refertur
2164 2536 2229 2591 ad
2269 2536 2423 2589 ulcis·-

1404 2617 1557 2671 cendi
1589 2616 1841 2671 studium.
1877 2645 1944 2657 —
1982 2618 2157 2670 Dedit.
2206 2614 2425 2669 Obrect.

1409 2696 1544 2751 Cod.
1554 2698 1701 2767 fire’l.
1723 2699 1885 2752 Male.

1470 2779 1583 2844 454.
1611 2778 1857 2845 Superbus
1876 2775 2088 2846 proprie
2110 2774 2179 2827 de
2200 2772 2425 2827 victori—

1404 2857 1503 2911 bus
1521 2876 1533 2910 ε
1558 2855 1680 2911 vide
1696 2858 1875 2928 Heyn.
1889 2855 1955 2910 ad
1970 2856 2120 2925 Virg.
2137 2852 2351 2906 AEneid.
2369 2853 2395 2906 l
2409 2890 2427 2917 ,

1409 2955 1490 2989 21.
1516 2935 1683 2988 Hunc
1708 2936 1879 3004 ipsum
1904 2932 2207 3004 Apollinem
2224 2970 2239 2998 ,
2267 2930 2428 2983 victo-

1407 3013 1486 3065 ria
1496 3011 1594 3066 hac
1606 3011 1997 3081 superbientem
2015 3048 2031 3077 ,
2053 3006 2310 3079 Apollinis
2323 3008 2427 3059 Va-

1408 3090 1566 3144 ticani
1578 3101 1750 3146 statua
1763 3090 1962 3142 referre
1976 3086 2210 3144 creditur
2222 3085 2430 3142 :Win-

1408 3167 1681 3222 kelmanni
1707 3168 1847 3222 Hist-
1872 3168 1989 3222 Art.
2010 3187 2061 3237 p.
2083 3168 2196 3239 39²·

1474 3250 1588 3314 455-
1635 3247 1973 3300 Addua-tom...
2012 3262 2179 3296 nervo.
2222 3241 2429 3296 Arcum

1409 3325 1739 3380 tendentem.
1774 3324 1884 3379 Sed
1903 3324 2016 3379 hoc
2038 3333 2093 3377 et
2115 3322 2235 3376 talia
2255 3322 2430 3376 solent

1410 3414 1578 3478 poeto
1591 3443 1607 3470 ,
1624 3404 1891 3460 tenuitatis
1904 3401 2129 3456 vitandae
2143 3420 2294 3456 causa
2307 3441 2322 3467 ,
2342 3420 2429 3454 or-

1412 3496 1532 3539 nate
1570 3485 1778 3540 efferre.
1824 3484 2042 3536 Adduo-1⁰
2077 3499 2204 3535 vero
2238 3480 2431 3535 dicitur

1412 3581 1561 3618 arcus
1580 3603 1597 3631 ,
1632 3582 1800 3632 quum
1818 3560 2071 3615 tenditur.
2096 3560 2237 3627 Quoe
2253 3559 2432 3628 sequi-

1411 3652 1502 3695 tur
1514 3641 1700 3707 oratio,
1717 3648 2063 3707 attemperata
2081 3647 2160 3690 est
2175 3636 2433 3706 superbia

1412 3719 1655 3781 victorin
1693 3716 1971 3787 magnifice
1997 3715 2063 3769 de
2083 3734 2139 3769 se
2162 3715 2395 3784 loquitur
2411 3752 2428 3781 ,

1410 3797 1729 3855 contemtia»
1751 3795 1816 3850 de
1842 3794 2049 3849 aemulo.

1479 3879 1592 3946 456.
1633 3879 1807 3932 Fortia
1848 3895 2008 3929 ama.
2048 3873 2245 3928 Gravia
2259 3913 2275 3936 ‚
2313 3891 2432 3942 qua

1414 3973 1527 4008 non
1551 3954 1651 4008 nui
1673 3974 1705 4007 a
1722 3954 1949 4007 sortibus
1965 3951 2087 4004 virts
2107 3960 2397 4004 tractantur
2411 3989 2429 4017 ,
2542 3973 2551 3982 ³

1415 4043 1478 4087 ut
1491 4054 1659 4088 amis.
1675 4032 1782 4086 Sed
1798 4043 1850 4085 et
1872 4029 2083 4100 Cupido
2098 4039 2177 4083 est
2192 4036 2432 4094 τοςιυτῆς,

1417 4124 1478 4167 ut
1496 4122 1712 4166 vooetur
1732 4130 1762 4164 a
1783 4107 2019 4176 Colntho
2041 4126 2171 4161 vers.
2195 4125 2274 4180 ²9·
2312 4106 2433 4161 Re-

1415 4190 1579 4262 spexit
1593 4200 1773 4244 autem
1786 4187 1929 4241 bunc
1943 4197 2117 4240 totum
2129 4185 2224 4239 loc.
2244 4183 2434 4239 Senec-

1419 4268 1636 4339 Hippol.
1656 4271 1752 4337 ²75
1768 4285 1880 4337 sqq.
1898 4284 1912 4319 z
1926 4267 2035 4318 Iste
2042 4268 2262 4318 lascarus
2266 4283 2446 4332 puer...

1416 4350 1521 4401 {ela
1542 4365 1693 4416 quam
1712 4351 1847 4400 cerlo
1864 4345 2153 4400 moderatur
2164 4362 2287 4397 ma
2308 4351 2411 4398 etc.
