3217 5134
686 580 1715 652 METAMORPHOSEON
1777 585 1976 653 LIB.
2028 587 2089 653 1.

2375 586 2464 676 59

314 722 554 798 Saucia
578 721 993 810 vomeribus,
1029 749 1152 822 per
1185 749 1255 796 se
1289 720 1495 797 dabat
1526 721 1749 798 omnia
1785 721 1982 797 tellus
2014 751 2032 813 ;

317 844 768 946 Contentique
803 844 1005 933 cibis,
1039 842 1229 918 nullo
1264 862 1541 941 cogente
1561 901 1580 933 ‚
1620 845 1855 920 creatis
1876 902 1895 934 ,

314 970 661 1046 Arbuteos
693 967 928 1057 foetuS‚
961 986 1407 1070 montanaque
1442 969 1628 1066 fraga
1657 967 1973 1066 legebant
1995 1024 2016 1057 ‚

318 1095 713 1195 Cornaque,
751 1109 818 1167 et
846 1091 919 1164 in
946 1089 1131 1166 duris
1163 1091 1478 1168 haerentia
1510 1121 1701 1167 mora
1731 1091 1988 1167 rubetis
2013 1148 2033 1181 ‚

313 1308 681 1354 strumentum
723 1297 930 1352 duobus
984 1304 1076 1353 aut
1117 1309 1345 1369 quatuor

314 1377 566 1432 dentibus
584 1417 600 1440 ‚
625 1394 733 1447 quo
758 1377 921 1447 gleba
942 1377 996 1429 in
1023 1377 1160 1447 agris
1180 1397 1345 1431 com-

312 1455 701 1510 minuebantur
719 1477 733 1519 ;
755 1454 939 1526 Virgil.
957 1453 1152 1525 Georg.
1177 1456 1223 1522 1,
1245 1459 1311 1530 94
1332 1475 1345 1510 :

314 1551 628 1604 quanquam
646 1543 700 1589 et
714 1532 981 1589 sarritioni
995 1533 1312 1590 inserviebat
1324 1574 1342 1604 ,

314 1633 454 1667 vers.
486 1615 595 1666 155.

388 1710 500 1744 102.
525 1692 719 1745 Saucia
733 1693 1029 1744 wmen‘bus.
1043 1690 1299 1746 vivianus
1313 1710 1345 1746 e

311 1768 469 1824 codd.
491 1772 673 1823 saucia
685 1772 972 1822 vulneribus
986 1769 1232 1839 protulit,
1261 1769 1349 1823 id-

312 1868 421 1918 que
447 1866 560 1901 non
598 1848 736 1901 bene
762 1846 988 1900 Heinsio
1011 1867 1066 1901 se
1090 1848 1347 1918 probavit.

314 1927 484 1982 Notio
514 1928 773 1979 vulnerum
809 1925 920 1993 iam
965 1925 1104 1979 inest
1144 1926 1202 1979 in
1232 1944 1343 1982 voc.

311 2011 501 2061 sanctia
520 2046 535 2069 ‚
582 2016 635 2060 et
672 2024 841 2076 quum
881 2004 1143 2075 praecedat
1183 2012 1350 2059 raslm

314 2091 521 2141 &lacta
542 2124 557 2147 ‚
611 2084 939 2138 concinnitas
978 2083 1349 2137 membrorum

316 2163 407 2218 hic
428 2181 643 2233 quoque
667 2161 1006 2216 instrumenti
1030 2179 1231 2214 nomen
1250 2180 1347 2215 re-

316 2242 502 2314 quirit.
516 2241 688 2294 Locus
701 2280 716 2307 ,
738 2239 791 2293 II
807 2279 823 2307 ,
844 2240 959 2309 287,
978 2257 1139 2309 quem
1158 2238 1346 2292 Heins-

314 2318 647 2389 comparavit
674 2356 690 2383 ,
742 2317 851 2386 ipse
890 2335 1017 2369 eum
1053 2317 1346 2384 impugnat.

316 2425 389 2439 —
398 2398 606 2451 Saucia.
624 2395 767 2450 Sulci
779 2404 906 2449 sunt
918 2395 1080 2450 veluti
1104 2393 1343 2462 vulnera,

317 2476 511 2545 quibus
565 2474 878 2529 dilaceratur
918 2483 1128 2544 tergum
1173 2484 1343 2528 terrm.

317 2554 504 2608 Latius
543 2553 658 2608 hac
704 2552 842 2607 Plin.
890 2554 963 2607 H.
1011 2554 1079 2608 N.
1115 2553 1172 2607 11
1189 2593 1205 2619 ‚
1236 2552 1341 2617 63,

316 2631 658 2703 persequitur
674 2672 690 2697 ,
734 2642 789 2686 et
830 2631 980 2702 plura
1018 2631 1346 2686 lacerationis

317 2729 517 2781 genera
528 2710 784 2765 invidiose
799 2721 1201 2765 commemorat.
1218 2711 1347 2766 Non

316 2788 521 2843 mirum
539 2799 719 2843 autem
738 2798 835 2857 est,
857 2789 1230 2859 agriculturam
1253 2789 1346 2843 diu

315 2869 475 2923 fuisse
498 2869 797 2940 ignoratam
810 2907 825 2935 ,
868 2869 1059 2939 quippe
1077 2888 1194 2938 quoe
1211 2869 1345 2923 mul-

316 2958 499 3002 tarum
530 2967 718 3002 rerum
753 2948 1060 3017 scientiam,
1095 2968 1346 3020 magnam

317 3047 533 3096 curam,
558 3028 788 3082 multum
815 3026 1004 3082 laboris
1028 3028 1278 3096 requirat.

392 3107 504 3160 103.
527 3108 686 3159 Nullo
706 3112 926 3173 cogente.
945 3103 1128 3177 Virgil.
1150 3104 1346 3178 Georg.

324 3186 350 3239 I
368 3225 385 3254 ,
418 3185 512 3239 128
530 3224 549 3252 ‚
586 3183 703 3254 pari
725 3182 984 3253 elegantia
1001 3221 1017 3250 ,
1053 3187 1192 3236 nullo
1206 3203 1346 3251 pos-

324 3268 496 3328 cente,·
526 3278 833 3332 quanquam
853 3260 997 3313 idem
1017 3269 1073 3313 et
1092 3263 1251 3314 nullis
1266 3281 1346 3314 co·

316 3345 583 3409 genubus,
609 3339 805 3410 Georg.
831 3339 912 3403 11,
945 3358 1006 3392 ιο
1025 3349 1347 3409 :utrumque

321 3420 547 3473 verbum
561 3436 671 3471 non
685 3418 862 3471 minus
873 3418 1164 3489 eleganter,
1185 3438 1348 3489 quam

322 3502 568 3565 inperare
586 3500 745 3557 meir,
781 3494 847 3548 de
866 3495 1100 3565 agricolis
1121 3495 1313 3551 dicitur
1328 3537 1345 3566 ,

325 3574 415 3642 qui
457 3572 624 3627 veluti
676 3579 864 3640 cogunt
920 3583 1119 3626 terram
1170 3576 1348 3645 fruges

325 3651 554 3705 reddere
570 3650 859 3705 cultoribus
877 3671 890 3705 ε
912 3651 1032 3706 vide
1050 3652 1350 3707 Burmann.

326 3730 470 3784 Arva
483 3748 614 3783 vero
633 3749 799 3800 quum
810 3731 988 3799 fruges
1002 3730 1255 3798 reddunt,
1271 3731 1350 3784 di-

324 3819 525 3861 cuntur
541 3827 747 3874 parere,
788 3810 1082 3875 respondere
1110 3819 1209 3861 etc.
1240 3807 1351 3863 Sed

327 3893 452 3949 cibi,
497 3888 588 3958 qui
622 3888 733 3959 jam
770 3898 1083 3951 narrantur,
1125 3888 1348 3944 minime

326 3966 457 4021 lauti
480 3978 634 4037 sunt,
659 3986 835 4038 neque
859 3968 928 4022 ob
950 3986 1040 4022 eos
1066 3968 1352 4025 invidenda

328 4065 492 4101 aurea
514 4059 654 4103 atas.

396 4130 509 4193 ¹04·
543 4129 810 4181 arbuteos.
831 4127 1058 4181 Plurimi
1085 4132 1347 4193 arboreos,

326 4224 443 4275 que
454 4205 565 4258 duo
574 4206 856 4276 sepissime
873 4208 1091 4261 confusa
1105 4217 1242 4260 sunt.
1255 4209 1352 4262 Arb

326 4286 498 4335 bulcus
508 4283 694 4351 setus,
723 4283 923 4338 arbuta.
945 4284 1177 4337 Arbulus
1189 4323 1204 4347 ,
1236 4302 1354 4338 nos·

328 4360 420 4416 tris
441 4364 817 4416 Erdbcedaem
834 4402 851 4432 ,
886 4363 1043 4417 arbor
1064 4362 1309 4417 fruticosa
1334 4402 1351 4431 ,

2364 1116 2459 1170 105

1439 1300 1498 1353 in
1514 1300 1666 1355 ltalia
1684 1301 1934 1370 frequens
1952 1338 1969 1366 ,
1992 1318 2152 1371 poma
2171 1300 2349 1356 serens
2368 1321 2466 1356 ru-

1439 1377 1706 1449 bentia(X
1725 1418 1741 1445 ,
1767 1380 1882 1444 ιοι)
1899 1379 2054 1449 fragis
2068 1379 2275 1447 similia,
2294 1390 2350 1434 et
2364 1382 2468 1436 dis-

1439 1454 1593 1509 ficilia
1613 1456 1941 1509 concoctioni
1967 1454 2133 1527 (Ptin.
2154 1458 2367 1526 XXIII,
2383 1456 2464 1527 8),

1442 1532 1632 1603 quibus
1643 1534 1900 1588 tenuioris
1913 1534 2066 1589 sortis
2077 1533 2321 1589 homines
2332 1538 2472 1590 vesci

1439 1610 1705 1664 solebant:
1723 1610 1827 1665 vid.
1853 1611 2075 1665 Martin.
2100 1610 2166 1664 ad
2190 1612 2376 1683 Virgil.
2404 1614 2429 1667 Ι
2450 1652 2466 1677 ,

1447 1688 1556 1756 ι48.
1584 1688 1762 1742 Etiam
1784 1690 1962 1743 Varro
1993 1690 2062 1743 R.
2092 1689 2159 1743 R.
2187 1689 2272 1757 11,
2313 1707 2335 1744 1
2362 1730 2378 1759 ,
2418 1702 2474 1745 et

1444 1766 1630 1837 Virgil.
1655 1766 1708 1819 d.
1733 1767 1765 1821 l.
1790 1785 1881 1822 eos
1902 1768 2059 1822 foetus
2081 1767 2139 1821 in
2162 1767 2472 1838 antiquissi-

1442 1862 1661 1898 morum
1684 1844 1968 1899 bominum
1987 1845 2131 1900 victu
2146 1864 2473 1900 commemo-

1442 1933 1581 1977 rant.
1605 1922 1715 1978 Sed
1730 1925 2128 1993 arboree‘faelus,
2157 1943 2274 1994 quae
2299 1937 2378 1980 est
2400 1926 2473 1980 al-

1444 2012 1559 2056 tera
1591 2003 1778 2071 lectio,
1823 2004 2003 2057 forent
2035 2023 2195 2074 poma
2231 2007 2282 2059 X
2306 2045 2322 2072 ,
2355 2006 2472 2078 669.

1447 2080 1579 2134 Haec
1588 2100 1718 2134 vero
1731 2082 1895 2152 magis
1905 2080 2167 2138 culturam
2179 2083 2419 2152 postulan
2428 2096 2467 2150 t,

1444 2160 1728 2229 minusque
1743 2160 1877 2214 adeo
1890 2161 2063 2231 primo
2072 2161 2248 2215 seculo
2261 2181 2470 2216 conve-

1445 2239 1635 2292 niunt:
1654 2239 1962 2294 tribuuntur
1974 2259 2024 2293 ei
2035 2250 2236 2307 tamen
2249 2240 2355 2294 XV
2360 2262 2474 2314 ,97.

1444 2316 1631 2371 Heius.
1665 2318 1849 2386 conia
1874 2322 2105 2372 robono:
2123 2318 2312 2386 salus,
2351 2319 2385 2372 i.
2424 2339 2470 2373 e.

1443 2395 1672 2467 glandes.
1698 2398 1774 2451 At
1788 2396 1852 2451 de
1869 2397 2142 2469 glandibus
2155 2418 2280 2452 mox
2290 2402 2472 2471 sequi-
2573 2416 2598 2432 ⁸

1443 2484 1546 2528 tur.
1568 2474 1788 2530 Hesiod.
1801 2486 1912 2551 Epy.
1934 2477 2090 2543 ιι6,’
2066 2501 2175 2550 αρε
2156 2483 2470 2547 ειοὶμῆλοισι,

1443 2552 1585 2623 quod
1611 2564 1723 2621 est,
1746 2557 2065 2609 abundantes
2085 2560 2309 2610 arbuta}
2320 2556 2473 2625 sali-

1442 2634 1567 2684 bus·
1550 2671 1562 2685 .
1556 2630 1694 2685 ·vid.
1718 2630 1991 2687 Groevium
2026 2632 2092 2687 ad
2115 2632 2170 2686 b.
2193 2633 2227 2687 l.

1517 2711 1628 2762 105.
1651 2710 1925 2763 Herculia.
1953 2709 2100 2764 Male
2128 2709 2473 2765 Burmannus

1442 2805 1505 2841 ex
1518 2786 1667 2841 Leid.
1681 2797 1738 2842 et
1753 2787 1865 2842 aliis
1879 2787 2194 2857 quibusdam
2211 2790 2469 2859 probabat

1439 2866 1722 2918 horrentia..
1737 2866 1972 2920 Arbores
1994 2866 2118 2936 ipsoe
2131 2906 2148 2935 ,
2173 2886 2465 2937 earumque

1441 2943 1577 2996 rami
1599 2953 1740 2999 recte
1767 2944 2019 2999 dicuntur
2032 2948 2252 3009 horrete,
2280 2944 2336 2998 id
2359 2955 2438 2999 est
2454 2985 2469 3012 ,

1442 3023 1680 3077 eminere
1697 3062 1714 3091 ,
1743 3042 1854 3077 non
1876 3023 2007 3078 item
2029 3025 2244 3078 fructus.
2269 3023 2469 3095 Regius

1444 3122 1505 3157 ex
1548 3104 1983 3174 interpretatione
2007 3142 2024 3171 ,
2065 3107 2358 3172 pendentia.
2400 3130 2470 3147 -

1447 3183 1665 3248 comus,
1693 3184 2022 3237 Comelbam
2036 3225 2052 3247 ,
2083 3184 2468 3254 cujussructus,

1442 3280 1625 3325 coma,
1659 3260 1876 3331 lapidosi
1906 3273 2032 3317 sunt
2048 3302 2065 3331 ,
2098 3281 2200 3318 nec
2233 3262 2469 3317 multum

1441 3341 1613 3394 carnis
1648 3340 1845 3396 habent
1868 3381 1885 3410 ,
1927 3342 2117 3412 quibus
2154 3341 2290 3397 adeo
2330 3343 2465 3396 Ho-

1443 3419 1580 3473 meri
1617 3430 1890 3490 tempore,
1931 3419 2039 3475 od.
2065 3421 2116 3475 X
2135 3458 2152 3487 ,
2182 3422 2278 3488 ²4¹⁷
2302 3459 2318 3486 ,
2349 3438 2472 3474 sues

1443 3498 1792 3568 pascebantur
1817 3520 1832 3563 3
1873 3498 2019 3553 unde
2060 3508 2118 3552 et
2161 3516 2193 3551 a
2247 3497 2471 3568 Virgilio

1444 3577 1662 3633 AEneid.
1682 3577 1766 3631 III
1780 3617 1796 3645 ,
1820 3578 1922 3651 649
1935 3619 1951 3646 ,
1973 3578 2116 3631 inter
2126 3582 2313 3632 victua
2328 3576 2468 3644 infe-

1443 3659 1589 3710 licem
1605 3656 1928 3709 reseruntur.
1940 3658 2239 3709 -Rnbeuze
2254 3654 2469 3727 Asperis

1445 3744 1500 3789 et
1518 3734 1754 3805 spinosis.
1776 3734 2050 3788 Rubetum
2073 3743 2252 3787 autem
2276 3733 2470 3789 dicitur

1443 3814 1590 3870 locus
1607 3854 1623 3881 ,
1657 3813 1801 3868 rubis
1827 3823 1883 3867 et
1902 3813 2066 3883 spinis
2087 3813 2334 3867 consitus.
2364 3815 2468 3865 Ed.

1445 3921 1512 3936 —·
1543 3891 1729 3948 Rubus
1746 3932 1761 3960 ,
1800 3894 2250 3947 Brombeerstande
2265 3933 2281 3956 ‚
2321 3910 2475 3945 mora

1444 3972 1699 4029 silvestria
1732 3971 1870 4039 sert,
1907 3971 2096 4040 quibus
2131 3981 2187 4024 et
2221 3969 2344 4039 ipsis
2380 3979 2476 4022 te-

1446 4050 1663 4104 nuiores
1688 4048 1933 4105 homines
1945 4048 2319 4103 vescebantur:
2335 4047 2480 4102 Ptin.

1448 4127 1524 4182 H.
1541 4128 1610 4183 N.
1624 4126 1761 4179 XVI
1779 4165 1795 4193 ,
1816 4125 1981 4196 37-71
2006 4146 2020 4189 ς
2049 4124 2258 4193 XXIV,
2285 4125 2448 4196 13-73
2464 4165 2484 4193 ,

1447 4207 1603 4259 duros
1618 4209 1771 4258 rubos
1787 4202 1949 4268 dixin
1978 4203 2139 4257 etiam
2162 4204 2356 4259 Noster
2377 4203 2481 4267 lv,

1448 4285 1609 4338 Pont.
1651 4283 1763 4351 IV,
1814 4283 1862 4350 4.
1899 4309 1969 4324 ·-
1995 4281 2146 4337 Bene
2181 4285 2390 4348 herere,
2419 4292 2482 4335 ut

1451 4362 1570 4431 111,
1600 4361 1730 4432 730,
1765 4361 1834 4417 de
1867 4361 2018 4417 soliis.
