3217 5134
633 547 1728 619 METAMORPHOSEON
1787 551 1981 618 LIB.
2041 552 2101 617 Ι.
2301 548 2441 644 '79

295 691 436 767 Sed
470 690 728 779 timuit,
764 720 849 765 ne
883 691 1054 766 forte
1089 719 1274 766 sacer
1299 707 1402 763 tot
1426 689 1511 764 ab
1544 689 1821 786 ignibus
1850 690 2056 764 aether

294 815 707 916 Conciperet
737 815 1032 889 flammas
1053 870 1073 903 ‚
1111 813 1489 915 longusque
1524 812 1892 892 ardesceret
1926 812 2085 886 axis,

2344 835 2445 888 255

293 939 467 1012 Esse
505 966 778 1039 quoque
809 939 876 1010 in
911 937 1068 1012 fatis
1102 937 1586 1026 reminiscitur,
1626 935 1851 1010 adfore
1884 953 2179 1038 tempu3‚

296 1060 464 1156 Quo
495 1087 713 1148 mare,
752 1088 886 1161 quo
922 1058 1154 1148 telluS,
1192 1077 1632 1162 correptaque
1664 1059 1846 1156 regia
1883 1058 2024 1133 eaeli
2172 1069 2179 1076 '

275 1269 510 1324 -Placuit
532 1288 661 1340 ergo
684 1288 850 1340 genus
867 1269 1166 1323 humanum
1186 1272 1326 1324 dilu-

297 1354 382 1402 οἱα
418 1347 773 1421 (κατακλυσμῷ)
808 1346 1046 1418 perdere.
1072 1349 1194 1403 Hoc
1217 1349 1324 1403 de—

297 1425 564 1479 scribitur.
586 1423 696 1479 Sed
710 1425 817 1478 duo
837 1466 851 1494 ,
879 1428 969 1496 qui
994 1428 1194 1482 caeteris
1216 1447 1323 1480 an—

299 1503 617 1557 tecellebant
629 1504 819 1573 pietate
833 1544 849 1572 ,
865 1516 1143 1560 servantur
1157 1546 1173 1573 ,
1190 1511 1327 1561 Deu-

299 1585 504 1644 calion,
545 1582 855 1636 Promethei
884 1593 938 1636 et
966 1583 1225 1638 Pandorae
1257 1586 1327 1638 fi-

299 1662 430 1727 lins,
456 1671 512 1714 et
534 1663 757 1730 &rt-ha,
787 1661 901 1728 ejus
923 1662 1114 1729 conjux
1132 1705 1145 1726 ‚
1183 1663 1326 1733 Epi-

303 1740 509 1794 methei
559 1740 682 1793 filia.
757 1741 834 1794 Hi
880 1740 1136 1811 lapidibus
1180 1744 1326 1812 jussu

303 1818 584 1873 Themidis
623 1819 771 1888 iactis
819 1839 984 1891 genus
1028 1819 1328 1876 humanum

301 1898 594 1952 restituunt
623 1918 636 1951 z
675 1897 739 1951 cs.
774 1897 1017 1969 Apollod.
1042 1899 1100 1968 1,
1121 1917 1235 1966 vn,
1263 1922 1324 1966 ἰς

306 1976 510 2048 Hygin.
522 1976 624 2029 fab.
647 1996 665 2028 ι
675 1976 755 2028 53.
770 1976 947 2029 Etiam
962 1978 1325 2048 Apollod.111,

302 2070 415 2106 ΠΗ
432 2092 446 2120 ,
476 2075 506 2105 2
525 2093 540 2119 ‚
565 2063 620 2106 et
646 2053 822 2107 Schol.
849 2055 1032 2125 Eurip.
1059 2052 1124 2108 ad
1151 2057 1328 2111 Orest.

308 2132 468 2198 1546,
498 2130 600 2186 hoc
618 2131 872 2185 diluvium
895 2144 1014 2204 post
1037 2144 1091 2187 et
1113 2146 1330 2204 propter

305 2210 568 2283 Lyoeonis
599 2210 683 2263 vel
717 2210 951 2264 filiorum
980 2213 1180 2267 facinus
1211 2215 1328 2266 iin-

304 2290 530 2343 missum
554 2300 793 2344 narrant.
825 2291 1021 2345 Noster
1042 2292 1203 2363 igitur
1237 2292 1329 2348 has

302 2368 508 2422 fabulas
543 2370 614 2422 ita
650 2371 958 2440 conjunxit,
1000 2383 1058 2427 ut
1091 2392 1189 2442 pro
1220 2391 1330 2426 uua

305 2446 490 2500 haberi
515 2447 727 2517 possint.
752 2450 863 2504 Nos
883 2460 1063 2504 tamen
1087 2451 1331 2522 sejunxi-

305 2545 428 2579 mus
444 2566 461 2593 ‚
486 2537 549 2579 ut
575 2537 700 2580 sunt
723 2528 940 2583 diverse
965 2528 1080 2584 loco
1101 2541 1156 2584 et
1180 2539 1331 2584 tern-

304 2624 452 2676 pore.
479 2605 590 2660 Res
613 2617 792 2660 autem
812 2608 884 2661 sic
906 2607 1077 2662 habet.
1108 2609 1331 2664 Deuca-

303 2686 438 2753 lion,
451 2706 498 2739 a.
521 2689 780 2756 1574ante
794 2705 955 2741 aeram
972 2687 1185 2752 Christ„
1200 2701 1331 2744 tem-

307 2786 437 2837 pore
463 2765 665 2819 Granai
683 2805 697 2833 ,
723 2785 786 2819 ex
807 2766 929 2820 Asia
946 2768 1093 2821 venit
1109 2769 1164 2821 in
1181 2767 1333 2825 Grae-

301 2848 443 2900 ciam
458 2886 475 2914 ,
502 2856 557 2900 et
580 2847 802 2916 subjecit
823 2847 922 2902 sibi
946 2847 1237 2920 Lycoream
1264 2849 1330 2903 ad

307 2919 657 2980 Parnassum:
677 2925 798 2980 vide
813 2927 1057 2979 Marmor
1075 2927 1331 2981 Arundel.

309 3006 336 3058 1
354 3045 369 3067 ,
397 3005 513 3057 init.
539 3004 719 3073 Hujus
745 3015 894 3057 aetate
919 3002 1064 3057 fluvii
1093 3004 1330 3058 Thessa-

307 3081 392 3134 tiae
412 3121 428 3149 ,
466 3082 688 3152 copiosis
710 3081 963 3135 imbribus
987 3081 1122 3135 aucti
1142 3121 1157 3146 ‚
1196 3081 1333 3152 ripas

309 3161 503 3230 egressi
526 3170 653 3213 suut
671 3200 685 3228 ,
721 3178 1076 3230 magnamque
1102 3158 1329 3214 Thessa-

309 3236 394 3291 tie
416 3247 472 3291 et
494 3238 773 3292 viduitatis
798 3248 1001 3308 partem
1033 3247 1333 3293 vastarunt:

310 3315 560 3386 Apollod.
583 3316 633 3370 d.
653 3317 687 3370 l.
702 3357 716 3384 ,
732 3328 786 3371 et
801 3317 1015 3370 Aristot.
1035 3316 1264 3370 Meteor.
1284 3316 1331 3383 Ι,

317 3399 395 3464 ¹4·
427 3395 727 3449 Deucalion
759 3414 889 3448 vero
909 3435 923 3461 ‚
958 3395 1047 3465 qui
1075 3395 1334 3466 effugerat

309 3475 455 3530 inam
467 3476 674 3531 cladem
692 3516 707 3543 ,
733 3487 786 3529 et
802 3478 1017 3530 sortasse
1037 3476 1090 3528 in
1108 3476 1333 3529 Parnas-

309 3574 433 3608 sum
446 3576 503 3609 se
525 3565 826 3623 receperat,
849 3573 973 3607 mox
987 3553 1224 3607 Athenas
1240 3573 1335 3606 ve·

314 3633 397 3687 nit
427 3633 494 3685 ad
523 3632 797 3686 Cranaum
817 3674 832 3699 ,
870 3632 1096 3702 ,Iovique
1132 3631 1334 3705 Phyxio

313 3713 385 3765 ob
406 3713 631 3766 salutem
652 3714 937 3783 prestitam
963 3711 1218 3780 templum
1244 3731 1337 3764 ex-

313 3794 495 3846 citavit
516 3813 530 3847 :
553 3791 674 3846 vide
695 3793 953 3845 Marmor.
977 3789 1183 3844 Arund.
1209 3787 1262 3855 ῐ,
1291 3809 1334 3858 7.

317 3870 595 3925 Diluvium
618 3892 747 3942 ergo
771 3870 897 3924 illud
918 3868 1336 3924 Deucalioneum

318 3948 390 4002 ad
401 3960 598 4018 partem
613 3962 817 4004 tantum
830 3949 1046 4003 Graeciae
1061 3946 1334 4017 pertinuit3

317 4027 415 4081 sed
443 4047 604 4098 quum
630 4029 802 4084 Graeci
825 4048 921 4099 per
944 4027 1157 4080 colonos
1175 4024 1339 4079 Phoe-

314 4107 484 4161 nicios
505 4106 699 4178 aliquid
725 4106 1037 4176 accepissent
1051 4103 1118 4155 de
1141 4102 1338 4154 diluvio

314 4184 585 4241 Noachico
620 4182 900 4239 universali
916 4223 931 4250 ‚
961 4179 1339 4236 accommoda-

314 4274 446 4318 runt
481 4265 533 4317 ei
573 4263 1010 4317 Deucalioneum.
1064 4259 1248 4328 ltaque
1284 4266 1341 4310 et

315 4341 556 4397 Romani
576 4350 897 4412 putaverunt
912 4379 927 4407 ‚
955 4338 1099 4393 illam
1119 4334 1341 4390 inunda-

1421 1269 1627 1322 tionem
1667 1269 1734 1324 ad
1775 1270 1982 1326 ltaliam
2019 1288 2232 1340 quoque
2269 1270 2447 1341 perti-

1420 1348 1631 1401 nuisse:
1665 1347 1802 1400 Ptin.
1829 1348 1900 1402 H.
1926 1349 1995 1402 N.
2021 1348 2134 1417 111,
2168 1351 2242 1416 14.
2279 1348 2446 1402 Deu-

1422 1424 1592 1478 calion
1627 1444 1757 1478 vero
1778 1425 2070 1480 habebatur
2100 1427 2307 1495 generis
2329 1426 2444 1479 hu-

1421 1505 1568 1558 mani
1605 1514 1952 1571 restaurator,
1977 1505 2169 1576 partim
2196 1506 2316 1575 quia
2349 1505 2444 1559 di·-

1419 1600 1624 1651 spersos
1642 1580 1885 1634 homines
1904 1582 2110 1653 collegit
2128 1581 2346 1652 (Justin.
2366 1583 2441 1646 ll,

1425 1676 1486 1713 vt
1501 1700 1515 1728 ,
1541 1662 1655 1727 ιι),
1683 1661 1877 1731 partim
1895 1661 2015 1730 quia
2032 1661 2443 1730 copiosissimam

1420 1737 1628 1808 prolem
1654 1738 1867 1807 reliquit
1893 1753 1906 1787 τ
1930 1738 2046 1793 vide
2072 1739 2294 1792 omnino
2318 1739 2447 1793 Go-

1424 1828 1564 1889 guet.
1600 1821 1725 1872 u'ber
1760 1821 1858 1872 den
1907 1820 2168 1885 Ursprung
2207 1820 2298 1871 der
2339 1822 2443 1872 Ge-

1422 1904 1584 1960 setn,
1616 1908 1713 1951 etc.
1729 1938 1743 1960 ‚
1776 1907 1902 1950 tom.
1932 1896 1986 1949 ll
2005 1936 2020 1962 ‚
2042 1916 2093 1965 p.
2119 1897 2182 1948 23
2203 1916 2314 1966 sqq.
2497 1905 2501 1910 ’

1491 1976 1603 2042 254.
1629 1976 1785 2027 Sacer
1805 1985 1902 2027 etc.
1929 1973 2073 2043 Quia
2090 1975 2275 2028 caelum
2294 1976 2443 2030 sedes

1423 2052 1684 2106 Deorum.
1714 2052 1892 2105 Etiam
1909 2051 2106 2112 Graccis
2118 2051 2310 2106 dicitur
2336 2061 2449 2126 iep2'3

1425 2134 1573 2208 αἰθήρ·
1604 2128 1724 2183 vide
1752 2129 1974 2182 Valken.
1999 2129 2222 2184 Diatrib.
2262 2131 2447 2201 Eurip.

1425 2227 1474 2276 p.
1490 2210 1556 2281 49
1582 2209 1889 2275 -Longus,
1916 2217 1996 2275 ut,
2030 2208 2301 2277 123,longi
2316 2214 2451 2263 sulct

1424 2296 1512 2354 et,
1546 2287 1639 2339 136
1655 2326 1672 2353 ‚
1698 2290 1880 2354 longus
1901 2290 2061 2339 limes.

1496 2367 1609 2417 255.
1634 2365 1934 2435 [vagusque
1952 2382 2049 2433 pro
2064 2371 2292 2433 intusque
2306 2378 2449 2421 recte

1428 2462 1491 2496 ex
1512 2443 1817 2498 melioribus
1838 2444 2036 2514 recepit
2056 2443 2241 2499 Heius.

1493 2521 1607 2575 256.
1639 2525 1775 2575 Esse
1794 2541 1984 2591 quoque
2004 2528 2060 2575 in
2073 2521 2230 2590 satis.
2258 2521 2453 2576 Defla—

1429 2602 1722 2673 grationem
1748 2601 1938 2655 mundi
1970 2602 2205 2655 futuram
2227 2642 2242 2664 ,
2277 2602 2453 2673 inquit

1428 2681 1728 2735 Lactantius
1756 2720 1771 2747 ,
1811 2680 1897 2733 lib.
1933 2680 2000 2733 de
2030 2681 2115 2733 Ira
2154 2680 2293 2747 Dei,
2339 2702 2451 2752 cap.

1429 2773 1604 2824 nul,
1641 2759 1919 2812 vaticinata
1946 2769 2023 2811 est
2060 2757 2287 2830 Sibylla3
2313 2760 2452 2813 sub-

1426 2839 1643 2908 jicitque
1676 2837 1875 2891 ibidem
1908 2849 2015 2891 tres
2042 2837 2195 2891 hosce
2227 2838 2451 2893 Ovidius

1428 2936 1623 2971 versus.
1667 2916 1829 2986 Quod
1857 2925 1911 2969 et
1948 2915 2133 2969 Senec.
2158 2917 2450 2985 praescivit,

1431 2994 1702 3049 Consolat.
1739 2994 1801 3047 ad
1851 2992 2109 3047 Marciam
2136 3032 2151 3059 ,
2200 2994 2297 3046 sub
2342 2994 2451 3064 ipsa

1428 3072 1565 3126 calce
1587 3072 1740 3126 libri:
1767 3093 1793 3117 α
1826 3069 2016 3139 Quum
2049 3081 2258 3140 tempus
2281 3070 2451 3124 adve-

1428 3152 1599 3219 nerit,
1629 3169 1735 3221 quo
1755 3169 1809 3204 se
1836 3148 2070 3204 mundus
2105 3159 2452 3205 renovaturus

1427 3233 1698 3302 extinguat
1720 3271 1735 3299 ,
1762 3242 1890 3299 etc.,
1929 3240 1984 3284 et
2014 3231 2163 3308 omni
2196 3230 2451 3302 flagrante.

1429 3311 1649 3364 materia
1678 3328 1787 3363 uno
1816 3309 1966 3381 igne,
2019 3308 2268 3380 quicquid
2306 3322 2452 3362 nunc

1428 3408 1492 3442 ex
1514 3388 1764 3460 disposito
1788 3388 1924 3442 lucet
1943 3427 1958 3454 ,
1987 3387 2254 3441 ardebit.»
2297 3386 2452 3441 Idem

1433 3467 1621 3522 Natur.
1651 3467 2056 3536 Quaestionum,
2083 3465 2167 3518 lib.
2197 3464 2314 3531 111,
2339 3484 2450 3536 cap.

1429 3563 1636 3600 xxvm:
1655 3569 1681 3592 κ
1704 3546 1828 3615 Qua
1843 3546 2046 3599 ratione
2064 3583 2080 3610 ‚
2105 3544 2317 3612 inquis?
2345 3544 2453 3596 Ea-

1431 3622 1554 3676 dem
1573 3662 1588 3690 ,
1629 3640 1731 3691 qua
1756 3620 2097 3689 conflagratio
2130 3620 2306 3671 sutura
2331 3628 2409 3672 est
2436 3637 2449 3670 ε

1429 3713 1718 3769 utrumque
1733 3700 1799 3753 sit
1813 3739 1828 3767 ,
1852 3717 2019 3768 quum
2035 3696 2156 3749 Deo
2178 3698 2347 3751 visum
2360 3715 2450 3749 or-

1432 3780 1532 3833 diri
1569 3778 1790 3832 meliora
1817 3817 1832 3844 ,
1871 3787 2049 3829 vetera
2088 3775 2260 3828 finire.
2295 3775 2453 3845 Aqua

1433 3869 1488 3913 et
1503 3859 1639 3929 ignis
1658 3856 1884 3911 terrenis
1898 3853 2257 3910 dominantur.
2278 3852 2356 3905 Ex
2371 3852 2453 3904 his

1432 3949 1599 4004 ortus,
1615 3947 1668 3989 et
1684 3956 1745 3988 ex
1759 3935 1839 3987 his
1850 3934 2092 3986 interitus
2105 3941 2200 3998 est,
2218 3933 2453 3984 etc.»Ed.

1500 4019 1613 4085 257.
1654 4014 1862 4082 Dogma
1896 4012 2201 4065 Stoicorum
2227 4049 2242 4078 ‚
2282 4008 2453 4063 sidera

1432 4095 1628 4151 nutriri
1652 4093 1990 4159 humoribus,
2018 4091 2205 4160 quihus
2228 4091 2451 4145 absum-

1434 4177 1499 4230 tis
1518 4184 1690 4229 totum
1705 4191 1947 4227 arsurum
1964 4171 2229 4225 mundum
2249 4191 2262 4225 :
2282 4169 2455 4236 Cicer,

1435 4256 1503 4310 N.
1517 4253 1586 4306 D.
1611 4253 1686 4321 11,
1705 4253 1770 4321 46
1785 4274 1797 4317 ;
1815 4251 2002 4310 Senec.
2020 4250 2181 4305 Cous.
2198 4249 2261 4303 ad
2283 4249 2453 4303 Marc.

1437 4335 1530 4402 253
1551 4333 1617 4390 N.
1638 4331 1839 4402 Q.111,
1864 4347 1998 4401 1111,
2019 4333 2106 4399 283
2123 4330 2325 4384 'Minuta
2343 4328 2452 4382 Fet.
