3217 5134
715 515 804 602 40
1598 516 1980 587 SERIES

705 676 973 734 caeteras
993 659 1184 760 pinus
1222 686 1305 733 ex
1351 658 1504 765 Agr
1540 676 1742 762 atque
1776 686 2095 760 cupreum
2126 687 2163 732 e
2203 654 2542 764 &patim
2572 673 2858 732 mutata.

713 775 1016 849 Canebat
1044 791 1267 849 autem
1308 772 1422 849 ille
1467 774 1549 850 de
1600 792 1801 877 raptu
1849 770 2269 883 Gatymede's,
2335 774 2416 848 de
2461 771 2847 878 hymnam,

707 892 794 965 ab
826 889 1142 993 Apolline
1170 891 1369 965 amati
1397 908 1466 966 et
1497 891 1866 979 interfecti,
1901 893 1976 966 in
2023 888 2416 998 hymhtbum
2445 888 2729 976 florem,
2771 888 2857 964 de

719 1006 1156 1083 Cerastarmn
1137 1037 1209 1081 in
1232 1024 1481 1094 tauros,
1518 1008 1602 1083 de
1629 1007 2171 1110 Pmpoetz‘doewn
2151 1036 2226 1082 in
2248 1006 2523 1109 Iapides,
2562 1005 2645 1081 de
2676 1007 2860 1108 Pyg-

712 1122 1023 1199 malionis
1055 1138 1260 1198 statua
1288 1124 1361 1198 in
1389 1125 1698 1198 mulcerem
1725 1125 1931 1200 vivam
1981 1123 2218 1221 (unde
2249 1140 2450 1198 natus
2481 1120 2803 1223 Paphus)
2831 1182 2852 1207 ,

716 1239 797 1314 de
832 1238 1157 1348 Mytrlzae,
1193 1257 1472 1342 propter
1500 1241 1831 1317 incestum
1863 1268 2016 1315 cum
2050 1256 2239 1341 patre
2273 1238 2705 1314 concubitum
2723 1293 2743 1326 ,
2783 1239 2862 1311 in

718 1355 1046 1462 Myrrham
1077 1356 1385 1431 arborem
1407 1412 1427 1445 ,
1458 1374 1659 1458 atque
1690 1356 1772 1431 de
1801 1354 2161 1443 Adonidis,
2201 1356 2311 1430 cni
2341 1357 2574 1429 Venus
2609 1353 2863 1456 Iffi'ppo-

718 1473 908 1548 menis
923 1490 992 1547 et
1003 1474 1339 1549 Atalanta
1352 1473 1424 1548 in
1445 1471 1695 1574 templo
1718 1472 2306 1548 concumbentium
2329 1472 2402 1545 in
2421 1472 2622 1546 leones
2642 1489 2866 1547 trans-

718 1587 1152 1667 formationes
1186 1608 1590 1681 narraverat,
1632 1592 1708 1665 in
1739 1618 2090 1666 anemonem
2124 1589 2515 1665 mutatione.

822 1754 976 1828 Lm.
1013 1754 1133 1839 XI.
1175 1752 1354 1826 Hinc
1391 1749 1687 1827 Thraa'oe
1716 1751 1995 1826 mulieres
2015 1778 2223 1851 quum
2257 1748 2533 1851 Orphea
2565 1747 2867 1849 discerp·
2979 1816 2988 1823 .

724 1867 998 1957 sissent,
1035 1882 1342 1970 serpente,
1384 1869 1501 1970 qui
1536 1897 1613 1942 os
1654 1868 1795 1968 ejus
1830 1869 2133 1970 petebat,
2172 1867 2244 1941 in
2274 1866 2538 1966 lapidem
2564 1880 2864 1953 mutato,

724 1983 798 2057 in
828 1984 1072 2060 arbores
1101 2014 1431 2060 conversa!
1463 2002 1626 2061 sunt
1651 2015 1688 2060 a
1708 1985 2011 2076 Baccho,
2051 1985 2168 2087 qui
2187 2041 2207 2074 ,
2243 1982 2506 2073 relicta,
2539 1983 2629 2058 ob
2655 1983 2868 2056 inter-

723 2101 972 2177 fectum
989 2121 1203 2178 vatem
1221 2102 1503 2178 Thracia
1517 2159 1535 2190 ,
1560 2103 1634 2176 in
1657 2103 2014 2207 Phrygiam
2034 2132 2105 2179 se
2123 2099 2440 2189 contulit,
2461 2101 2588 2175 uhi
2605 2098 2861 2184 Maias,

730 2220 839 2294 cui
874 2247 1000 2320 pro
1049 2217 1279 2294 Sileno
1322 2219 1635 2293 restituto
1686 2221 1833 2295 auri
1879 2222 2113 2322 copiam
2161 2218 2338 2293 fecit.
2395 2217 2607 2318 Cujus
2659 2245 2874 2319 quum

731 2335 924 2410 illum
952 2336 1337 2439 poeniteret,
1377 2336 1449 2410 in
1483 2335 1750 2411 Pactolo
1789 2335 1972 2412 lotus
2012 2364 2231 2412 mnas
2275 2335 2420 2435 ejus
2460 2362 2677 2409 aureas
2719 2332 2876 2408 red-

733 2451 923 2528 didit
964 2453 1210 2528 Postea
1239 2452 1540 2529 Phoebus
1571 2482 1699 2556 pro
1727 2454 1967 2557 iniquo
1989 2453 2243 2555 judicio
2269 2479 2447 2526 aures
2477 2449 2576 2525 illi
2607 2449 2878 2525 ast'm'nas

734 2568 994 2643 tribuit.
1031 2568 1191 2667 Quo
1217 2567 1417 2657 facto,
1436 2572 1711 2671 Trojam
1735 2569 2077 2673 profectus
2095 2567 2372 2673 Apollo,
2394 2565 2877 2643 Lamoedmsem

733 2713 965 2760 muros
996 2687 1333 2786 Trojanos
1365 2704 1815 2764 exstruentem
1856 2688 2128 2788 adjuvit.
2195 2685 2434 2762 Filiam
2463 2685 2609 2786 ejus
2640 2683 2878 2758 Ησίο-
3023 2675 3040 2684 ’

736 2831 890 2889 nen,
934 2832 1095 2881 saxo
1128 2803 1491 2903 alligatam,
1532 2804 1840 2881 liberavit
1873 2803 2233 2891 Hercules,
2271 2804 2626 2904 conjugem
2655 2819 2882 2877 autem

741 2918 935 2996 duxit
973 2920 1306 3008 Telamon,
1348 2920 1908 3023 quemadmodum
1952 2921 2179 2996 Peleus
2207 2919 2496 2995 Thetida
2547 2917 2882 2994 transfor-

630 3108 635 3119 ,
738 3063 934 3112 mem
998 3038 1067 3111 Is
1114 3038 1199 3113 ad
1256 3040 1556 3173 Ceycem·
1592 3056 1831 3141 postea
1881 3036 2268 3140 profectus,
2333 3036 2774 3113 Doedaliaemem
2806 3034 2884 3108 in

739 3152 1127 3253 acapnum,
1186 3173 1256 3229 et
1285 3155 1556 3257 lupum
1536 3184 1610 3229 m
1656 3182 1880 3230 semem
1913 3182 2349 3243 conversum,
2404 3151 2650 3253 partim
2678 3148 2886 3225 intel-

740 3266 1021 3356 lexerat,
1056 3287 1300 3371 parum
1332 3271 1478 3372 ipse
1505 3271 1780 3346 viderat.
1844 3270 1978 3345 Sed
2027 3268 2256 3376 Ceyx
2237 3298 2307 3342 m
2338 3268 2576 3344 itinere
2611 3268 2698 3343 ad
2731 3297 2886 3343 ora-

732 3382 971 3458 culum
1004 3382 1302 3460 Clarium
1333 3405 1645 3489 suscepto
1682 3386 1884 3488 periit
1916 3382 2288 3480 naufragio.
2315 3374 2582 3459 Accidit
2607 3384 2881 3473 deinde,

746 3516 827 3574 ut
855 3499 1213 3606 Halcyone,
1254 3500 1493 3579 marito
1527 3519 1690 3604 post
1723 3499 2145 3596 naufragium
2181 3499 2310 3577 sub
2343 3499 2647 3601 Morphei
2670 3501 2891 3616 figura

749 3615 1115 3691 secundum
1150 3615 1440 3717 quietem
1476 3633 1838 3718 conspecto
1859 3671 1879 3702 ,
1912 3615 1985 3688 in
2008 3614 2341 3722 halcyonen
2366 3643 2548 3690 avem
2565 3670 2584 3703 ,
2617 3612 2800 3691 sicut
2817 3634 2892 3691 et

747 3731 1048 3820 maritus,
1076 3748 1460 3807 mutaretur.
1492 3732 1690 3829 Quos
1714 3730 2012 3808 volantes
2040 3760 2248 3835 quum
2272 3731 2896 3809 animadvertissent

752 3846 1055 3951 quidam,
1088 3848 1418 3924 AEsacum
1439 3907 1457 3934 ‚
1498 3849 1748 3923 Priami
1779 3847 2024 3938 filium,
2074 3848 2413 3950 quondam
2459 3849 2534 3924 in
2564 3878 2833 3954 mergum
2859 3909 2880 3937 ,

752 3967 872 4069 qui
905 3985 1049 4042 tum
1078 3963 1253 4041 sorte
1287 3963 1513 4040 aderat
1532 4021 1552 4055 ,
1582 3965 1941 4041 meminere
1977 3965 2539 4042 transformatum.

847 4140 1004 4213 LIB.
1035 4140 1192 4212 XII.
1255 4139 1435 4214 Huic
1467 4156 1609 4214 tum
1641 4137 1933 4215 mmm
1961 4157 2182 4243 pater,
2221 4158 2538 4242 tanquam
2571 4157 2842 4216 mortuo
2869 4194 2899 4231 ,

751 4255 1098 4356 exsequias
1124 4255 1283 4330 fecit
1302 4284 1436 4331 una
1460 4283 1613 4331 cum
1635 4252 1825 4348 filiis,
1854 4275 2130 4360 excepto
2147 4256 2416 4345 Pan‘de,
2454 4258 2571 4360 qui
2594 4256 2666 4331 in
2697 4257 2893 4332 Grae-
