3217 5134
58 5 263 17 Γ-ῇ-,ΫῨ
316 7 319 8 ⁷
352 7 403 10 nee

582 564 1658 636 METAMORPHOSEON
1712 568 1912 636 LIB.

1960 566 2098 637 IV.
2266 590 2394 660 297

266 705 589 780 Notitiam
610 763 630 795 ‚
665 709 1052 811 primosque
1087 708 1331 806 gradus
1357 707 1598 783 vicinia
1630 706 1822 797 fecit3

268 822 599 923 Tempore
633 823 836 898 crevit
866 852 1053 898 amor
1082 852 1097 897 :
1134 824 1315 898 taedae
1349 850 1621 926 quoque
1652 824 1798 923 jure
1835 823 2158 913 coissent,
2337 843 2405 896 σο

271 936 402 1011 Sed
431 954 696 1012 vetuere
729 956 951 1039 patres
981 970 996 1013 ε
1029 939 1210 1040 quod
1237 968 1376 1013 non
1403 957 1682 1040 potuere
1709 957 1927 1013 vetare
1947 996 1967 1030 ,

271 1055 374 1127 Ex
409 1081 601 1154 aequo
639 1052 852 1153 captis
884 1053 1207 1128 ardebant
1239 1055 1581 1129 mentibus
1615 1055 1835 1130 ambo.

274 1167 603 1243 Conscius
639 1168 859 1242 omnis
894 1169 1115 1259 abest3
1151 1188 1322 1244 nutu
1357 1171 1701 1273 signisque
1736 1171 2144 1272 loquuntur:

273 1286 569 1387 Quoque
600 1285 813 1381 magis
849 1286 1131 1382 tegitur,
1169 1306 1382 1363 tectus
1413 1289 1624 1385 magis
1660 1305 1893 1363 aestuat
1920 1287 2116 1383 ignis.

270 1401 502 1476 Fissus
533 1420 674 1476 erat
710 1403 893 1477 tenui
928 1402 1131 1493 rima,
1173 1433 1369 1506 quam
1406 1405 1686 1480 duxerat
1719 1404 1878 1479 olim
1899 1460 1918 1493 ‚
2341 1424 2411 1477 65

272 1598 443 1653 lentes
466 1596 667 1670 opibus.
687 1617 754 1640 —-·-
771 1598 856 1653 De
877 1599 1151 1654 altitudine
1174 1619 1299 1653 mu-

273 1697 460 1731 rorum
474 1688 528 1732 et
547 1679 776 1732 turrium
796 1680 1000 1734 variant
1025 1677 1300 1751 Interpre-

273 1767 354 1810 tes
368 1779 382 1820 ;
400 1757 502 1810 vid.
520 1757 744 1811 Farnab.
758 1756 822 1810 ad
840 1757 982 1813 hunc
997 1758 1186 1813 locum.
1196 1761 1298 1811 Ed.

274 1861 343 1875 —
363 1836 615 1888 ὥτε-ὑπ.
645 1835 802 1889 Unus
824 1834 1018 1890 Medic.
1032 1841 1299 1905 posuekseg

274 1909 417 1964 male
440 1929 562 1965 cum
585 1918 756 1967 munh.
780 1912 878 1966 Ed.

342 1992 426 2061 59.
461 1993 660 2044 Primos
679 1995 867 2060 gradus
883 2031 897 2052 ,
926 1991 1118 2046 scilicet
1142 2010 1304 2045 amo-

273 2066 351 2123 ris
369 2068 551 2137 ,quod
569 2068 712 2123 haud
728 2069 888 2122 dubie
906 2069 1306 2140 subintelligen-

278 2143 414 2199 dum
439 2156 516 2199 est
540 2165 569 2199 e
591 2165 747 2199 versu
767 2147 1042 2214 serpenti,
1064 2147 1164 2199 nisi
1189 2163 1308 2198 ma-

273 2224 340 2279 lis
364 2243 489 2278 cum
517 2224 628 2278 aliis
649 2230 881 2278 notitione
895 2229 1183 2294 primosque
1194 2244 1309 2293 grab

276 2308 378 2358 dus
399 2324 499 2375 per
521 2301 849 2376 Hendiadyn
873 2322 1165 2373 exponere,
1196 2305 1312 2375 pri-

277 2399 399 2435 mos
426 2381 621 2451 gradus
646 2381 862 2436 notitia.

344 2460 432 2513 50.
475 2462 645 2513 Taedae
666 2480 857 2530 qnoque
867 2461 1002 2528 jum.
1033 2459 1307 2515 Medieeus

281 2551 340 2595 et
381 2540 708 2610 Argentinus
733 2542 864 2608 jum
888 2581 903 2605 ,
957 2539 1098 2611 quod
1141 2540 1308 2610 placet

282 2619 526 2673 Burman
532 2638 605 2672 no
625 2620 715 2688 qui
729 2628 1000 2689 comparat
1010 2623 1144 2672 coin
1154 2623 1309 2670 socr?-

283 2703 444 2749 lalem
462 2716 491 2751 e
510 2695 773 2751 Cicerone
791 2707 847 2750 et
862 2697 1053 2767 Nepot-
1078 2695 1184 2749 sed
1207 2695 1310 2749 hoc

286 2774 488 2828 durum
517 2775 842 2845 minimeque
866 2775 1130 2845 poeticum
1157 2775 1309 2828 soret.

285 2880 356 2893 -
381 2856 623 2907 Telum..
638 2860 884 2917 coissent,
910 2854 1310 2906 matrimonium

289 2950 506 3000 quoque
523 2931 774 2986 iniissent.
786 2931 924 2985 Satis
939 2931 1085 2987 enim
1097 2940 1308 2997 notum,

289 3006 347 3063 in
392 3009 593 3080 nuptiis
649 3009 808 3064 toedas
862 3009 1099 3080 praeserri
1143 3008 1317 3062 solitas

289 3088 513 3157 sponsis.
552 3089 697 3143 Hinc
731 3092 864 3142 toda
893 3087 1062 3159 poetis
1100 3086 1166 3141 de
1198 3087 1319 3157 ipsis

292 3165 496 3236 nuptiis
513 3205 530 3232 ,
564 3165 632 3220 de
671 3167 784 3237 ipso
821 3164 1166 3220 matrimonio
1202 3165 1280 3220 lx
1298 3203 1315 3233 ,

295 3263 423 3314 7213
456 3242 591 3307 XV,
619 3244 734 3297 826.
747 3271 816 3286 ·-
830 3245 974 3297 Coit!
991 3283 1007 3307 ,
1021 3253 1085 3297 ut
1099 3247 1316 3321 ἑυνέρχι-

291 3333 404 3379 σθαι
427 3361 444 3389 ,
480 3322 548 3376 de
583 3323 911 3394 conjugibus.
940 3322 1067 3376 Jam
1099 3327 1325 3376 coeleseaet

277 3403 408 3471 jure
443 3403 584 3454 tede
604 3402 717 3455 sere
741 3401 942 3455 dictum
965 3411 1077 3468 est,
1108 3411 1170 3455 ut
1195 3399 1322 3455 ibid.

300 3501 320 3533 ι
331 3485 365 3533 5
381 3519 398 3547 ,
417 3477 807 3548 εοειίαῖΔῙσΔενε
815 3482 959 3542 Iecle‘,
976 3490 1030 3532 et
1043 3480 1178 3532 infra
1190 3478 1297 3532 Vll
1301 3517 1318 3545 ,

292 3559 398 3626 403
419 3598 437 3620 ,
498 3561 721 3612 thalami
734 3559 928 3627 sedere
958 3558 1146 3626 jungit.
1196 3557 1322 3613 Ros.

295 3635 572 3691 sehin-ach.
588 3635 674 3690 hic
690 3635 884 3705 aliquid
901 3635 1122 3688 humani
1147 3635 1324 3705 passus

295 3726 394 3771 est.
425 3716 616 3785 Quum
630 3716 776 3769 enim
788 3714 950 3768 verba
960 3716 1032 3767 ita
1049 3714 1321 3785 jungeret,

295 3798 445 3848 taedae
473 3813 666 3864 quoqne
699 3797 924 3846 coae‘ssent
939 3831 955 3859 ,
998 3791 1156 3861 idque
1170 3791 1320 3858 jum,

297 3874 423 3927 fieri
455 3872 596 3927 haud
617 3882 858 3943 poterat,
903 3870 1030 3941 quin
1058 3869 1125 3924 ad
1157 3870 1329 3922 inter-

298 3952 663 4022 pretationem
705 3950 1038 4004 durissimam
1078 3947 1328 4001 deferre-

299 4040 428 4095 tui-3
459 4035 619 4101 ἡτέρα
641 4030 789 4085 enim
810 4028 876 4082 de
902 4046 1082 4082 amore
1109 4025 1323 4096 accipit,

302 4108 398 4178 qui
420 4128 478 4163 se
500 4108 856 4178 coniunxisset
878 4107 1012 4175 jure.

371 4187 456 4240 6¹.
495 4190 678 4240 Patres
711 4196 920 4256 possent
955 4200 1064 4238 esse
1104 4183 1330 4236 omnino

303 4276 588 4335 parentes,
618 4275 677 4318 ut
704 4265 822 4318 alibi
846 4263 1045 4331 fratres
1077 4281 1174 4333 pro
1211 4263 1331 4315 sra-

303 4344 477 4401 trihus
498 4355 554 4399 et
576 4344 841 4399 sororibus
856 4384 873 4414 ,
909 4363 1051 4415 reges
1080 4361 1179 4414 pro
1204 4361 1330 4412 rege

1395 1611 1452 1655 et
1470 1601 1684 1673 region
1709 1599 1830 1655 vide
1854 1599 2027 1655 Bentl.
2053 1597 2118 1654 ad
2143 1599 2332 1654 Horat.
2354 1599 2381 1653 1
2397 1638 2414 1667 ‚

1397 1681 1507 1736 Sat.
1540 1697 1610 1749 v,
1652 1699 1764 1734 roo.
1809 1677 2024 1734 Rectius
2059 1690 2237 1734 tamen
2270 1698 2418 1733 nunc

1394 1777 1550 1812 sensu
1564 1758 1764 1827 vulgari
1788 1757 1988 1828 capies3
2008 1776 2240 1827 namque
2260 1775 2414 1810 versu

1404 1837 1498 1891 153
1523 1836 1719 1890 Thisbe
1744 1836 1845 1903 ait,
1868 1840 2064 1903 miseri,
2091 1854 2228 1889 meus
2248 1837 2419 1887 illius-

1396 1932 1512 1983 que,
1532 1920 1771 1981 parentes
1785 1954 1798 1974 ,
1828 1913 1916 1966 ubi
1937 1913 2031 1966 soli
2057 1923 2229 1983 patres
2250 1910 2415 1965 intel-

1400 1989 1637 2059 liguntur
1654 2029 1670 2056 ,
1711 1990 1799 2059 qui
1827 1988 2065 2044 duriores
2091 1991 2200 2043 sere
2224 1988 2422 2041 matri—

1401 2067 1499 2119 bus
1531 2066 1587 2119 in
1625 2066 1886 2137 ejusmodi
1915 2067 2072 2120 rebus
2106 2086 2213 2121 esse
2237 2066 2422 2120 solent.

1402 2144 1532 2198 Post
1551 2152 1728 2213 patres
1759 2145 1908 2215 posui
1937 2145 2423 2215 interpunctionem

1402 2222 1720 2289 maximam,
1759 2241 1918 2292 quam
1952 2222 2035 2276 vir
2065 2221 2249 2277 doctus
2285 2220 2433 2293 apud'

1407 2301 1611 2358 Clarck.
1640 2303 1706 2357 ad
1731 2305 1894 2359 Hom.
1918 2304 1977 2360 Il.
2002 2314 2039 2359 1·
2059 2344 2073 2371 ,
2100 2306 2193 2377 39,
2220 2314 2276 2357 et
2297 2302 2429 2357 alius

1403 2381 1460 2436 in
1490 2381 1792 2438 Observatt.
1818 2383 2020 2437 Miscel.
2042 2382 2164 2435 Vol.
2186 2382 2270 2448 11,
2297 2391 2334 2434 t.
2364 2380 2391 2433 l
2408 2420 2423 2443 ,

1404 2482 1453 2531 p.
1487 2462 1552 2528 34
1569 2501 1584 2529 ,
1628 2463 1805 2516 suasit.
1851 2462 1917 2516 ln
1956 2461 2166 2532 vulgata
2195 2460 2426 2515 lectione

1401 2538 1527 2593 salsa
1566 2548 1646 2593 est
1682 2541 1960 2594 sententia.
2014 2568 2083 2580 —
2129 2540 2219 2591 Es:
2246 2557 2387 2607 aquo
2404 2577 2419 2601 ‚

1405 2617 1562 2671 ambo
1585 2618 1782 2686 pariter
1796 2656 1811 2684 ,
1842 2637 1980 2672 unus
1995 2636 2141 2686 aeque
2160 2636 2216 2670 ac
2236 2616 2428 2679 altera;

1408 2695 1487 2750 IX
1500 2735 1516 2762 ,
1544 2714 1655 2769 7¹9·
1679 2696 1816 2750 Plin.
1832 2697 2029 2767 Paneg.
2049 2696 2135 2761 83,
2152 2694 2217 2748 de
2234 2694 2427 2748 marito

1407 2792 1467 2827 ac
1485 2774 1711 2842 conjuge
1731 2814 1746 2840 ‚
1768 2776 1979 2841 probati
1985 2792 2050 2825 es·
2063 2773 2434 2841 equa—Cap—

1408 2860 1493 2907 !us
1527 2852 1594 2905 de
1629 2864 1854 2907 amante.
1877 2880 1944 2895 -·
1961 2855 2103 2907 Nutu
2123 2862 2221 2906 etc.
2246 2850 2433 2905 Venus

1411 2930 1565 2985 docet
1594 2931 1677 2985 vel
1701 2936 1809 2984 viro
1837 2949 2006 2984 coram
2036 2937 2187 2983 nutus
2213 2929 2437 2998 conserte

1411 3014 1650 3080 loquaces
1666 3050 1679 3072 ‚
1711 3011 2015 3078 Blandaque
2035 3012 2327 3076 compositis*
2350 3010 2439 3060 ab·

1415 3092 1531 3141 den·
1544 3090 1697 3141 urba
1718 3092 1866 3141 nolelr.
1891 3086 2065 3140 Tibul.
2094 3087 2120 3140 Ι
2133 3126 2149 3155 ,
2176 3101 2222 3139 11
2238 3125 2254 3153 ,
2280 3107 2434 3139 22.—

1422 3167 1627 3234 Quoque
1642 3170 1808 3233 magis
1825 3173 1923 3219 etc.
1944 3163 2220 3218 Sententia
2244 3163 2438 3219 amoris

1417 3253 1662 3297 naturam
1686 3244 1822 3297 bene
1848 3242 2167 3297 adumbrans
2184 3281 2201 3311 ,
2226 3240 2435 3297 verbis-

1420 3341 1523 3392 que
1548 3321 1755 3392 tropicis
1780 3341 2016 3392 expressa
2035 3320 2436 3375 similitudinem

1416 3399 1706 3454 involvens.
1721 3428 1789 3440 —
1813 3403 2029 3468 Τηίων,
2050 3398 2206 3453 celari
2219 3398 2436 3469 cogitur.

1418 3488 1496 3520 -··⁴
1515 3481 1699 3533 Tectus
1722 3483 1899 3546 mages.
1926 3476 2102 3548 Vulgo
2114 3514 2131 3544 ,
2154 3483 2296 3529 lanto
2317 3496 2441 3528 ma-

1416 3565 1511 3627 8¹25·
1545 3557 1655 3613 Sed
1691 3560 2033 3613 Burmannus
2064 3557 2261 3626 recepit
2294 3566 2442 3610 vete-

1421 3658 1544 3692 rum
1581 3634 1839 3691 librorum
1868 3638 2180 3707 scripturam
2211 3635 2304 3708 (et
2328 3636 2442 3691 haec.

1422 3728 1501 3771 est
1521 3725 1831 3769 nostrorum
1844 3715 2137 3784 Regiorum
2155 3713 2444 3781 Codicum)

1422 3804 1537 3847 tum
1581 3793 1703 3862 quia
1734 3792 1980 3863 repetitio
2020 3792 2259 3863 ejusdem
2294 3793 2446 3847 verbi

1421 3872 1688 3926 familiaris
1720 3871 1916 3926 ovidio
1944 3911 1960 3941 ,
1999 3882 2116 3926 tum
2154 3873 2273 3942 quia
2309 3889 2445 3941 saepe

1423 3951 1651 4005 Veteres
1681 3960 1798 4020 post
1833 3971 1929 4021 quo
1969 3962 2023 4005 et
2052 3957 2239 4022 quanto
2274 3949 2446 4003 omit-

1425 4039 1550 4083 tunt
1570 4048 1631 4081 eo
1659 4039 1712 4081 et
1734 4036 1892 4083 tanto,
1927 4030 2070 4101 Ergo
2093 4033 2257 4098 magis
2279 4027 2366 4082 hic
2388 4047 2448 4082 eo

1425 4110 1590 4175 magis
1601 4106 2005 4177 intelligendum
2020 4129 2034 4172 ;
2045 4106 2163 4160 vide
2174 4104 2446 4160 Drakenb.

1427 4184 1493 4239 ad
1521 4184 1763 4252 Livium,
1798 4185 1824 4238 1
1844 4224 1861 4254 ,
1894 4188 1973 4239 25.
1997 4213 2065 4226 -
2086 4187 2318 4249 AEslaeat,
2358 4203 2447 4239 ca-

1426 4263 1599 4317 lorem
1623 4262 1801 4318 efficit.

1495 4341 1577 4397 6⁵.
1599 4341 1783 4395 Hssns
1804 4346 1919 4397 erat
1938 4344 2081 4395 tenni
2100 4342 2242 4393 n‘ma.
2267 4336 2349 4391 Ut
2371 4351 2450 4389 so·
