3217 5134
491 579 628 651 DE
689 580 1050 651 OPERE
1113 581 2202 659 METAMORPHOSEON.
2345 615 2436 684 29

279 722 461 812 cula,
508 721 728 798 Horas
750 778 770 812 ,
803 725 977 813 Ver,
1011 725 1375 812 AEstatem,
1409 725 1867 815 Autumnum,
1903 729 2227 803 Hiemem.
2275 730 2438 804 Alas

278 846 533 925 Daedali
556 904 577 938 ‚
609 849 779 923 VIII
800 904 820 938 ‚
878 848 1058 951 189,
1093 847 1383 926 ostendit
1415 850 1616 926 nobis
1657 853 1841 928 suavi
1881 854 2308 932 similitudine
2338 858 2441 932 in-

278 972 644 1075 terposita:
696 974 806 1049 Sic
841 977 1065 1051 rustica
1108 976 1414 1079 quondam
1456 977 1714 1052 Fistula
1751 977 2096 1081 disparibus
2131 982 2439 1082 paulatim

277 1095 471 1195 surgit
517 1097 742 1172 avenis.
803 1098 908 1173 De
951 1128 1115 1202 apro
1165 1099 1531 1203 Calydonio
1565 1159 1585 1191 ,
1645 1103 1861 1192 VIII,
1921 1101 2190 1205 282-97
2221 1160 2241 1193 ,
2298 1122 2440 1180 tum

283 1217 563 1314 338-40
583 1277 604 1310 ,
663 1220 760 1297 nil
792 1242 1114 1300 memorat
1134 1282 1153 1314 ,
1212 1223 1340 1300 nisi
1374 1225 1558 1328 quod
1590 1225 1675 1301 ad
1721 1225 2072 1301 consilium
2106 1229 2438 1329 pertinet3

278 1347 409 1421 hoc
464 1364 568 1422 est
589 1403 609 1434 ,
674 1348 856 1450 quod
906 1348 1226 1439 declarat,
1295 1380 1494 1454 quam
1545 1350 1881 1426 horrenda
1922 1350 2122 1427 fuerit
2173 1351 2396 1428 bellua
2418 1410 2438 1443 ,

280 1489 602 1576 quantum
644 1466 954 1550 damnum
996 1475 1296 1551 attulerit
1333 1477 1511 1573 agris
1534 1532 1555 1566 ,
1611 1495 1680 1551 et
1720 1494 1889 1579 quot
1918 1478 2235 1577 juvenum
2274 1508 2440 1555 con-

279 1625 477 1672 cursu
508 1625 682 1700 opus
704 1597 905 1674 fuerit
932 1599 1187 1701 adeam
1219 1599 1695 1676 debellandam.
1748 1600 1881 1676 Sed
1903 1659 1922 1691 ,
1978 1620 2056 1677 ut
2091 1603 2225 1702 jam
2261 1602 2437 1694 dixi,
2590 1694 2599 1702 ¹

281 1744 496 1805 totum
527 1755 790 1802 carmen
825 1726 1151 1828 ejusmodi
1188 1725 1555 1806 luminibus
1604 1721 1994 1804 distinctum
2030 1747 2131 1804 est
2153 1786 2172 1819 ,
2219 1760 2439 1833 neque

277 1849 440 1927 adeo
471 1868 612 1940 est,
647 1851 831 1953 quod
864 1848 1059 1953 plura
1083 1851 1218 1951 jam
1251 1879 1640 1927 recenseam.

368 1978 599 2053 Etiam
624 1976 697 2053 in
721 1975 1057 2079 adfectibus
1086 1977 1329 2053 mentis
1360 1978 1667 2055 humanae
1690 2035 1709 2068 ,
1761 1997 1894 2055 tam
1926 1981 2221 2058 motibus
2255 2002 2439 2059 tene-

280 2101 371 2176 ris
389 2158 408 2190 ,
446 2128 648 2203 quam
674 2098 1280 2175 vehementioribus
1303 2102 1923 2202 perturbationibus
1949 2100 2441 2203 notande‘s'egre-

279 2227 428 2322 gius
476 2224 712 2300 artifex
758 2228 1010 2302 Noster
1049 2222 1398 2326 reperitur.
1455 2226 1780 2302 Paternus
1827 2224 2123 2303 adfectus
2169 2229 2400 2330 paucis
2418 2287 2437 2315 ,

280 2350 637 2443 sedbene,
665 2352 872 2440 VIII,
911 2375 1094 2440 210,
1129 2349 1540 2451 descriptus,

441 2544 607 2605 Inter
635 2565 786 2627 opus
814 2544 1185 2626 monitusque
1212 2564 1375 2629 genae
1398 2541 1665 2607 maduere
1691 2543 1897 2607 seniles

437 2649 522 2712 Et
549 2650 749 2733 patriae
775 2661 1058 2712 tremuere
1083 2671 1317 2729 manus,

280 2820 653 2922 copiosius,
676 2822 780 2911 11,
806 2846 1037 2925 9¹‘ss99
1057 2876 1077 2911 ,
1106 2820 1177 2895 in
1196 2819 1457 2896 Phoebo
1478 2876 1498 2910 ,
1525 2818 1881 2921 dopiffnora
1905 2835 2106 2907 certa,
2141 2838 2301 2910 etc.;
2333 2839 2433 2911 et,

278 2947 414 3036 VI,
465 2944 831 3047 496-510,
858 2947 930 3022 in
959 2947 1299 3023 Pandione
1330 2974 1489 3023 sene
1507 2944 1713 3021 filiam
1744 2946 2134 3020 dimittente.
2183 2948 2435 3023 Mater-

280 3100 441 3146 num
468 3068 765 3146 animum
804 3126 826 3161 ‚
887 3073 989 3145 IX
1020 3128 1039 3162 ,
1099 3069 1371 3173 375-81
1407 3127 1427 3162 ,
1491 3069 1749 3169 egregie
1784 3069 2024 3144 exserit
2058 3071 2328 3172 Dryope
2366 3071 2442 3146 in

283 3196 493 3275 lotum
546 3199 905 3289 transiens,
966 3194 1415 3273 sollicitudine
1482 3197 1563 3272 de
1618 3195 1740 3270 filii
1793 3195 2179 3271 educatione
2239 3215 2439 3300 atque

283 3323 511 3400 salute.
564 3323 884 3400 Mutuum
917 3322 1174 3424 juvenis
1219 3321 1590 3425 puellaeque
1617 3378 1637 3412 ,
1685 3321 1868 3398 taedae
1909 3322 2053 3422 jure
2089 3323 2278 3422 jungi
2323 3352 2438 3397 eu-
2553 3380 2568 3393 .

280 3442 644 3544 pientium,
685 3470 975 3517 amorem
1008 3441 1181 3515 bene
1225 3439 1540 3515 describit
1582 3438 1847 3540 Pyrami
1895 3455 1963 3512 et
2001 3438 2290 3511 Thisbes
2338 3437 2438 3513 sa-

282 3565 458 3643 bula.
515 3565 1133 3666 Flagrantissimum
1175 3566 1402 3642 uxoris
1446 3565 1517 3638 in
1567 3564 1880 3639 maritum
1931 3591 2222 3638 amorem
2271 3563 2435 3638 Hal-

283 3719 485 3794 cyone
510 3693 847 3769 verissime
872 3691 1105 3780 refert,
1140 3694 1283 3780 XI·,
1320 3691 1440 3766 ubi
1478 3690 1789 3765 maritum
1823 3688 2267 3762 discessurum
2295 3716 2436 3763 esse

284 3820 606 3922 comperit
626 3877 645 3910 ,
681 3817 955 3914 [μδ-43
973 3876 992 3909 ,
1022 3837 1090 3893 et
1112 3818 1183 3892 in
1206 3817 1496 3893 discessu
1519 3815 1669 3918 ipso
1690 3872 1709 3907 ,
1744 3814 1889 3910 464
1913 3844 2096 3917 sqq,
2131 3815 2442 3916 idemque

281 3942 399 4020 illo
430 3945 703 4021 absente
734 3945 969 4021 transit
993 3945 1285 4047 primum
1305 3942 1375 4017 in
1410 3942 1841 4031 desiderium,
1880 3942 2149 4044 573-81
2193 3973 2209 4015 t
2243 3971 2434 4029 mox,

280 4071 401 4145 ubi
431 4073 514 4147 de
556 4072 749 4148 obitu
781 4073 922 4173 ejus
949 4071 1205 4146 somnio
1232 4070 1484 4145 monita
1518 4086 1621 4144 est
1639 4125 1659 4157 ,
1695 4069 1765 4142 in
1799 4069 2258 4167 gravissimum
2290 4067 2436 4144 luc-

286 4213 426 4272 tum
451 4197 782 4300 678-709
802 4254 821 4287 ‚
850 4216 916 4273 et
934 4197 1051 4273 ubi
1079 4224 1322 4298 corpus
1345 4197 1487 4297 ejus
1513 4214 1747 4271 natans
1771 4195 2098 4298 prospicit
2122 4196 2260 4298 716
2284 4225 2432 4300 sqq.

284 4322 514 4400 Mariti
566 4323 638 4399 in
687 4324 1034 4426 conjugem
1079 4322 1373 4399 animum
1418 4352 1555 4399 non
1601 4320 1771 4399 male
1821 4322 2132 4426 exprimit
2175 4325 2438 4399 Deuca-
