<?xml version="1.0" encoding="UTF-8"?>
<!DOCTYPE html PUBLIC "-//W3C//DTD XHTML 1.0 Transitional//EN"
    "http://www.w3.org/TR/xhtml1/DTD/xhtml1-transitional.dtd">
<html xmlns="http://www.w3.org/1999/xhtml" xml:lang="en" lang="en">
 <head>
  <title>
</title>
<meta http-equiv="Content-Type" content="text/html;charset=utf-8" />
  <meta name='ocr-system' content='tesseract 3.04.00' />
  <meta name='ocr-capabilities' content='ocr_page ocr_carea ocr_par ocr_line ocrx_word'/>
</head>
<body>
  <div class='ocr_page' id='page_1' title='image "./publiusovidiusn01giergoog_0013.png"; bbox 0 0 3217 5134; ppageno 0'>
   <div class='ocr_carea' id='block_1_1' title="bbox 490 462 2543 606">
    <p class='ocr_par' dir='ltr' id='par_1_1' title="bbox 490 462 2543 606">
     <span class='ocr_line' id='line_1_1' title="bbox 490 462 539 501; baseline 0 -2"><span class='ocrx_word' id='word_1_1' title='bbox 490 462 539 501; x_wconf 61' lang='lat' dir='ltr'>s</span> 
     </span>
     <span class='ocr_line' id='line_1_2' title="bbox 2469 558 2543 606; baseline 0.014 -1"><span class='ocrx_word' id='word_1_2' title='bbox 2469 558 2543 606; x_wconf 79' lang='lat' dir='ltr'>xl</span> 
     </span>
    </p>
   </div>
   <div class='ocr_carea' id='block_1_2' title="bbox 310 670 2543 4093">
    <p class='ocr_par' dir='ltr' id='par_1_2' title="bbox 310 670 2543 4093">
     <span class='ocr_line' id='line_1_3' title="bbox 393 670 2543 775; baseline 0 -26"><span class='ocrx_word' id='word_1_3' title='bbox 393 673 631 750; x_wconf 79' lang='lat' dir='ltr'>moniae</span> <span class='ocrx_word' id='word_1_4' title='bbox 669 688 687 724; x_wconf 87' lang='lat'>¹</span> <span class='ocrx_word' id='word_1_5' title='bbox 729 670 1067 775; x_wconf 85' lang='lat' dir='ltr'>quondam</span> <span class='ocrx_word' id='word_1_6' title='bbox 1107 673 1453 749; x_wconf 79' lang='lat' dir='ltr'><strong>Professor</strong></span> <span class='ocrx_word' id='word_1_7' title='bbox 1494 672 1958 750; x_wconf 87' lang='lat' dir='ltr'>celeberrimus</span> <span class='ocrx_word' id='word_1_8' title='bbox 1984 730 2003 763; x_wconf 94' lang='lat'>,</span> <span class='ocrx_word' id='word_1_9' title='bbox 2058 673 2293 751; x_wconf 86' lang='lat' dir='ltr'>deinde</span> <span class='ocrx_word' id='word_1_10' title='bbox 2339 674 2543 751; x_wconf 87' lang='lat' dir='ltr'>scho-</span> 
     </span>
     <span class='ocr_line' id='line_1_4' title="bbox 394 804 2541 910; baseline 0.001 -30"><span class='ocrx_word' id='word_1_11' title='bbox 394 805 609 882; x_wconf 86' lang='lat' dir='ltr'>larum</span> <span class='ocrx_word' id='word_1_12' title='bbox 644 806 896 881; x_wconf 82' lang='lat' dir='ltr'>Rector</span> <span class='ocrx_word' id='word_1_13' title='bbox 917 861 936 894; x_wconf 95' lang='lat'>,</span> <span class='ocrx_word' id='word_1_14' title='bbox 992 804 1066 879; x_wconf 88' lang='lat' dir='ltr'>in</span> <span class='ocrx_word' id='word_1_15' title='bbox 1118 805 1444 881; x_wconf 77' lang='lat' dir='ltr'>Montensi</span> <span class='ocrx_word' id='word_1_16' title='bbox 1478 806 1740 882; x_wconf 76' lang='lat' dir='ltr'>Ducatu</span> <span class='ocrx_word' id='word_1_17' title='bbox 1772 824 1849 897; x_wconf 66' lang='grc'>2;</span> <span class='ocrx_word' id='word_1_18' title='bbox 1897 806 2060 909; x_wconf 88' lang='lat' dir='ltr'>qui,</span> <span class='ocrx_word' id='word_1_19' title='bbox 2115 837 2324 910; x_wconf 88' lang='lat' dir='ltr'>quum</span> <span class='ocrx_word' id='word_1_20' title='bbox 2362 837 2541 883; x_wconf 85' lang='lat' dir='ltr'>anno</span> 
     </span>
     <span class='ocr_line' id='line_1_5' title="bbox 405 937 2539 1043; baseline 0 -31"><span class='ocrx_word' id='word_1_21' title='bbox 405 967 593 1041; x_wconf 85' lang='lat'><strong>¹779</strong></span> <span class='ocrx_word' id='word_1_22' title='bbox 618 995 638 1028; x_wconf 91' lang='lat'>,</span> <span class='ocrx_word' id='word_1_23' title='bbox 691 939 1025 1043; x_wconf 78' lang='lat' dir='ltr'>specimen</span> <span class='ocrx_word' id='word_1_24' title='bbox 1052 938 1185 1038; x_wconf 78' lang='lat' dir='ltr'>jam</span> <span class='ocrx_word' id='word_1_25' title='bbox 1218 937 1533 1014; x_wconf 76' lang='lat' dir='ltr'>edidisset</span> <span class='ocrx_word' id='word_1_26' title='bbox 1565 938 2041 1014; x_wconf 75' lang='lat' dir='ltr'>ovidianamm</span> <span class='ocrx_word' id='word_1_27' title='bbox 2068 937 2539 1040; x_wconf 74' lang='lat' dir='ltr'>Metamorpho-</span> 
     </span>
     <span class='ocr_line' id='line_1_6' title="bbox 393 1044 2533 1173; baseline 0 -27"><span class='ocrx_word' id='word_1_28' title='bbox 393 1100 568 1158; x_wconf 78' lang='lat' dir='ltr'>seon,</span> <span class='ocrx_word' id='word_1_29' title='bbox 606 1071 941 1170; x_wconf 81' lang='lat' dir='ltr'>integrum</span> <span class='ocrx_word' id='word_1_30' title='bbox 968 1098 1141 1172; x_wconf 82' lang='lat' dir='ltr'>opus</span> <span class='ocrx_word' id='word_1_31' title='bbox 1166 1071 1423 1160; x_wconf 80' lang='lat' dir='ltr'><strong>emisit,</strong></span> <span class='ocrx_word' id='word_1_32' title='bbox 1450 1099 1631 1145; x_wconf 83' lang='lat' dir='ltr'>anno</span> <span class='ocrx_word' id='word_1_33' title='bbox 1671 1044 2017 1173; x_wconf 69' lang='lat'>1784-87,</span> <span class='ocrx_word' id='word_1_34' title='bbox 2056 1097 2135 1146; x_wconf 82' lang='lat' dir='ltr'>ex</span> <span class='ocrx_word' id='word_1_35' title='bbox 2156 1073 2533 1147; x_wconf 83' lang='lat' dir='ltr'>recensione</span> 
     </span>
     <span class='ocr_line' id='line_1_7' title="bbox 395 1201 2539 1304; baseline 0.001 -27"><span class='ocrx_word' id='word_1_36' title='bbox 395 1203 473 1277; x_wconf 86' lang='lat' dir='ltr'>P.</span> <span class='ocrx_word' id='word_1_37' title='bbox 508 1203 915 1292; x_wconf 86' lang='lat' dir='ltr'>Burmanni,</span> <span class='ocrx_word' id='word_1_38' title='bbox 953 1203 1263 1278; x_wconf 81' lang='lat' dir='ltr'>varietate</span> <span class='ocrx_word' id='word_1_39' title='bbox 1295 1201 1636 1291; x_wconf 80' lang='lat' dir='ltr'>lectionis,</span> <span class='ocrx_word' id='word_1_40' title='bbox 1670 1219 1740 1278; x_wconf 84' lang='lat' dir='ltr'>et</span> <span class='ocrx_word' id='word_1_41' title='bbox 1769 1202 1952 1277; x_wconf 88' lang='lat' dir='ltr'>notis</span> <span class='ocrx_word' id='word_1_42' title='bbox 1983 1203 2325 1304; x_wconf 86' lang='lat' dir='ltr'>perpetuis</span> <span class='ocrx_word' id='word_1_43' title='bbox 2352 1202 2539 1279; x_wconf 88' lang='lat' dir='ltr'>illus-</span> 
     </span>
     <span class='ocr_line' id='line_1_8' title="bbox 398 1332 2539 1436; baseline 0 -28"><span class='ocrx_word' id='word_1_44' title='bbox 398 1351 665 1408; x_wconf 88' lang='lat' dir='ltr'>tratum.</span> <span class='ocrx_word' id='word_1_45' title='bbox 713 1332 922 1432; x_wconf 84' lang='lat' dir='ltr'>Quod</span> <span class='ocrx_word' id='word_1_46' title='bbox 964 1333 1239 1435; x_wconf 86' lang='lat' dir='ltr'>quidem</span> <span class='ocrx_word' id='word_1_47' title='bbox 1286 1362 1460 1436; x_wconf 79' lang='lat' dir='ltr'>opus</span> <span class='ocrx_word' id='word_1_48' title='bbox 1510 1334 1874 1436; x_wconf 76' lang='lat' dir='ltr'>perlegenti</span> <span class='ocrx_word' id='word_1_49' title='bbox 1907 1333 2186 1409; x_wconf 86' lang='lat' dir='ltr'>cuilibet</span> <span class='ocrx_word' id='word_1_50' title='bbox 2209 1391 2229 1424; x_wconf 96' lang='lat'>,</span> <span class='ocrx_word' id='word_1_51' title='bbox 2283 1352 2352 1410; x_wconf 88' lang='lat' dir='ltr'>et</span> <span class='ocrx_word' id='word_1_52' title='bbox 2397 1334 2539 1409; x_wconf 88' lang='lat' dir='ltr'>sine</span> 
     </span>
     <span class='ocr_line' id='line_1_9' title="bbox 397 1464 2538 1568; baseline -0 -27"><span class='ocrx_word' id='word_1_53' title='bbox 397 1466 620 1541; x_wconf 81' lang='lat' dir='ltr'>studio</span> <span class='ocrx_word' id='word_1_54' title='bbox 667 1465 1070 1541; x_wconf 79' lang='lat' dir='ltr'>examinanti</span> <span class='ocrx_word' id='word_1_55' title='bbox 1089 1522 1109 1556; x_wconf 94' lang='lat'>,</span> <span class='ocrx_word' id='word_1_56' title='bbox 1161 1494 1301 1541; x_wconf 85' lang='lat' dir='ltr'>non</span> <span class='ocrx_word' id='word_1_57' title='bbox 1350 1464 1702 1562; x_wconf 73' lang='lat' dir='ltr'>indignum</span> <span class='ocrx_word' id='word_1_58' title='bbox 1746 1465 2047 1542; x_wconf 81' lang='lat' dir='ltr'>videatur</span> <span class='ocrx_word' id='word_1_59' title='bbox 2076 1522 2098 1557; x_wconf 88' lang='lat'>,</span> <span class='ocrx_word' id='word_1_60' title='bbox 2157 1467 2341 1568; x_wconf 85' lang='lat' dir='ltr'>quod</span> <span class='ocrx_word' id='word_1_61' title='bbox 2386 1494 2538 1540; x_wconf 90' lang='lat' dir='ltr'>cum</span> 
     </span>
     <span class='ocr_line' id='line_1_10' title="bbox 395 1597 2536 1704; baseline 0.002 -31"><span class='ocrx_word' id='word_1_62' title='bbox 395 1600 545 1701; x_wconf 86' lang='lat' dir='ltr'>ipso</span> <span class='ocrx_word' id='word_1_63' title='bbox 577 1598 824 1701; x_wconf 67' lang='lat' dir='ltr'>Eaeynii</span> <span class='ocrx_word' id='word_1_64' title='bbox 848 1597 1134 1695; x_wconf 75' lang='lat' dir='ltr'>Virgilio</span> <span class='ocrx_word' id='word_1_65' title='bbox 1178 1628 1517 1701; x_wconf 81' lang='lat' dir='ltr'>compares</span> <span class='ocrx_word' id='word_1_66' title='bbox 1537 1657 1557 1691; x_wconf 94' lang='lat'>,</span> <span class='ocrx_word' id='word_1_67' title='bbox 1591 1601 1798 1676; x_wconf 89' lang='lat' dir='ltr'>immo</span> <span class='ocrx_word' id='word_1_68' title='bbox 1837 1600 2119 1677; x_wconf 81' lang='lat' dir='ltr'>fortasse</span> <span class='ocrx_word' id='word_1_69' title='bbox 2151 1630 2495 1704; x_wconf 81' lang='lat' dir='ltr'>praeponas</span> <span class='ocrx_word' id='word_1_70' title='bbox 2515 1659 2536 1689; x_wconf 93' lang='lat'>,</span> 
     </span>
     <span class='ocr_line' id='line_1_11' title="bbox 398 1730 2535 1834; baseline 0.002 -30"><span class='ocrx_word' id='word_1_71' title='bbox 398 1730 759 1805; x_wconf 84' lang='lat' dir='ltr'>dummodo</span> <span class='ocrx_word' id='word_1_72' title='bbox 817 1730 1176 1807; x_wconf 80' lang='lat' dir='ltr'>attenderis</span> <span class='ocrx_word' id='word_1_73' title='bbox 1208 1787 1228 1821; x_wconf 94' lang='lat'>,</span> <span class='ocrx_word' id='word_1_74' title='bbox 1293 1761 1426 1834; x_wconf 89' lang='lat' dir='ltr'>qua</span> <span class='ocrx_word' id='word_1_75' title='bbox 1446 1806 1465 1832; x_wconf 19' lang='grc' dir='ltr'>ι,</span> <span class='ocrx_word' id='word_1_76' title='bbox 1481 1731 1837 1830; x_wconf 79' lang='lat' dir='ltr'>sagacitate</span> <span class='ocrx_word' id='word_1_77' title='bbox 1868 1751 2123 1810; x_wconf 84' lang='lat' dir='ltr'>textum</span> <span class='ocrx_word' id='word_1_78' title='bbox 2191 1736 2486 1810; x_wconf 85' lang='lat' dir='ltr'>excutiat</span> <span class='ocrx_word' id='word_1_79' title='bbox 2516 1765 2535 1823; x_wconf 80' lang='lat'>3</span> 
     </span>
     <span class='ocr_line' id='line_1_12' title="bbox 396 1865 2534 1972; baseline 0.002 -34"><span class='ocrx_word' id='word_1_80' title='bbox 396 1865 610 1941; x_wconf 88' lang='lat' dir='ltr'>lucem</span> <span class='ocrx_word' id='word_1_81' title='bbox 640 1892 733 1940; x_wconf 80' lang='lat' dir='ltr'>ex.</span> <span class='ocrx_word' id='word_1_82' title='bbox 750 1865 940 1940; x_wconf 89' lang='lat' dir='ltr'>fumo</span> <span class='ocrx_word' id='word_1_83' title='bbox 971 1865 1084 1941; x_wconf 81' lang='lat' dir='ltr'>det</span> <span class='ocrx_word' id='word_1_84' title='bbox 1111 1867 1561 1968; x_wconf 80' lang='lat' dir='ltr'>repentinam3</span> <span class='ocrx_word' id='word_1_85' title='bbox 1598 1886 1668 1944; x_wconf 89' lang='lat' dir='ltr'>et</span> <span class='ocrx_word' id='word_1_86' title='bbox 1695 1868 1896 1969; x_wconf 87' lang='lat' dir='ltr'>hujus</span> <span class='ocrx_word' id='word_1_87' title='bbox 1925 1870 2114 1971; x_wconf 85' lang='lat' dir='ltr'>quasi</span> <span class='ocrx_word' id='word_1_88' title='bbox 2141 1870 2534 1972; x_wconf 83' lang='lat' dir='ltr'>Labyrinthi</span> 
     </span>
     <span class='ocr_line' id='line_1_13' title="bbox 394 1998 2531 2103; baseline 0.002 -32"><span class='ocrx_word' id='word_1_89' title='bbox 394 1998 708 2095; x_wconf 71' lang='lat' dir='ltr'>ambages</span> <span class='ocrx_word' id='word_1_90' title='bbox 736 1998 1057 2087; x_wconf 81' lang='lat' dir='ltr'>resolvat,</span> <span class='ocrx_word' id='word_1_91' title='bbox 1098 2017 1278 2074; x_wconf 86' lang='lat' dir='ltr'>certo</span> <span class='ocrx_word' id='word_1_92' title='bbox 1306 2026 1607 2103; x_wconf 86' lang='lat' dir='ltr'>semper,</span> <span class='ocrx_word' id='word_1_93' title='bbox 1657 2029 1779 2074; x_wconf 86' lang='lat' dir='ltr'>nec</span> <span class='ocrx_word' id='word_1_94' title='bbox 1822 2029 2114 2102; x_wconf 82' lang='lat' dir='ltr'>unquam</span> <span class='ocrx_word' id='word_1_95' title='bbox 2155 2002 2531 2102; x_wconf 87' lang='lat' dir='ltr'>interrupto</span> 
     </span>
     <span class='ocr_line' id='line_1_14' title="bbox 396 2130 2532 2233; baseline 0 -28"><span class='ocrx_word' id='word_1_96' title='bbox 396 2130 519 2205; x_wconf 77' lang='lat' dir='ltr'>filo</span> <span class='ocrx_word' id='word_1_97' title='bbox 540 2130 806 2208; x_wconf 85' lang='lat' dir='ltr'>lectoris</span> <span class='ocrx_word' id='word_1_98' title='bbox 833 2159 1073 2228; x_wconf 82' lang='lat' dir='ltr'>regens</span> <span class='ocrx_word' id='word_1_99' title='bbox 1115 2133 1393 2229; x_wconf 80' lang='lat' dir='ltr'>vestigia</span> <span class='ocrx_word' id='word_1_100' title='bbox 1424 2162 1441 2206; x_wconf 71' lang='grc' dir='ltr'>ι</span> <span class='ocrx_word' id='word_1_101' title='bbox 1472 2160 1620 2233; x_wconf 82' lang='lat' dir='ltr'>quae</span> <span class='ocrx_word' id='word_1_102' title='bbox 1652 2132 1828 2222; x_wconf 88' lang='lat' dir='ltr'>laus,</span> <span class='ocrx_word' id='word_1_103' title='bbox 1856 2132 2012 2207; x_wconf 88' lang='lat' dir='ltr'>licet</span> <span class='ocrx_word' id='word_1_104' title='bbox 2037 2161 2295 2208; x_wconf 83' lang='lat' dir='ltr'>summa</span> <span class='ocrx_word' id='word_1_105' title='bbox 2315 2189 2334 2222; x_wconf 95' lang='lat'>,</span> <span class='ocrx_word' id='word_1_106' title='bbox 2362 2132 2532 2207; x_wconf 88' lang='lat' dir='ltr'>nihil</span> 
     </span>
     <span class='ocr_line' id='line_1_15' title="bbox 402 2264 2529 2370; baseline -0 -31"><span class='ocrx_word' id='word_1_107' title='bbox 402 2283 621 2340; x_wconf 84' lang='lat' dir='ltr'>tamen</span> <span class='ocrx_word' id='word_1_108' title='bbox 642 2266 992 2366; x_wconf 70' lang='lat' dir='ltr'>Heynianae</span> <span class='ocrx_word' id='word_1_109' title='bbox 1012 2265 1336 2355; x_wconf 83' lang='lat' dir='ltr'>detrahit;</span> <span class='ocrx_word' id='word_1_110' title='bbox 1360 2265 1479 2340; x_wconf 82' lang='lat' dir='ltr'>sed</span> <span class='ocrx_word' id='word_1_111' title='bbox 1497 2265 1668 2340; x_wconf 84' lang='lat' dir='ltr'>hanc</span> <span class='ocrx_word' id='word_1_112' title='bbox 1688 2266 2027 2370; x_wconf 80' lang='lat' dir='ltr'>propriam</span> <span class='ocrx_word' id='word_1_113' title='bbox 2047 2284 2112 2340; x_wconf 90' lang='lat' dir='ltr'>et</span> <span class='ocrx_word' id='word_1_114' title='bbox 2138 2264 2529 2369; x_wconf 83' lang='lat' dir='ltr'>peculiarem</span> 
     </span>
     <span class='ocr_line' id='line_1_16' title="bbox 398 2396 2531 2488; baseline -0 -16"><span class='ocrx_word' id='word_1_115' title='bbox 398 2397 532 2472; x_wconf 82' lang='lat' dir='ltr'>sibi</span> <span class='ocrx_word' id='word_1_116' title='bbox 565 2397 925 2473; x_wconf 77' lang='lat' dir='ltr'>vindicasse</span> <span class='ocrx_word' id='word_1_117' title='bbox 954 2397 1216 2472; x_wconf 75' lang='lat' dir='ltr'>videtur</span> <span class='ocrx_word' id='word_1_118' title='bbox 1240 2397 1359 2472; x_wconf 81' lang='lat' dir='ltr'>Cr..</span> <span class='ocrx_word' id='word_1_119' title='bbox 1393 2396 1760 2488; x_wconf 73' lang='lat' dir='ltr'>Glsnm,</span> <span class='ocrx_word' id='word_1_120' title='bbox 1787 2398 1927 2488; x_wconf 85' lang='lat' dir='ltr'>cui,</span> <span class='ocrx_word' id='word_1_121' title='bbox 1955 2415 2061 2473; x_wconf 82' lang='lat' dir='ltr'>tot</span> <span class='ocrx_word' id='word_1_122' title='bbox 2091 2398 2271 2473; x_wconf 83' lang='lat' dir='ltr'>inter‘</span> <span class='ocrx_word' id='word_1_123' title='bbox 2296 2415 2364 2473; x_wconf 84' lang='lat' dir='ltr'>et</span> <span class='ocrx_word' id='word_1_124' title='bbox 2391 2415 2531 2471; x_wconf 78' lang='lat' dir='ltr'>tam</span> 
     </span>
     <span class='ocr_line' id='line_1_17' title="bbox 395 2530 2532 2634; baseline 0.002 -33"><span class='ocrx_word' id='word_1_125' title='bbox 395 2532 605 2605; x_wconf 76' lang='lat' dir='ltr'>varias</span> <span class='ocrx_word' id='word_1_126' title='bbox 630 2556 851 2606; x_wconf 84' lang='lat' dir='ltr'>rerum</span> <span class='ocrx_word' id='word_1_127' title='bbox 875 2530 1153 2627; x_wconf 84' lang='lat' dir='ltr'>figuras,</span> <span class='ocrx_word' id='word_1_128' title='bbox 1180 2530 1523 2606; x_wconf 79' lang='lat' dir='ltr'>retinenda</span> <span class='ocrx_word' id='word_1_129' title='bbox 1546 2549 1690 2629; x_wconf 81' lang='lat' dir='ltr'>erat</span> <span class='ocrx_word' id='word_1_130' title='bbox 1711 2530 1782 2605; x_wconf 90' lang='lat' dir='ltr'>in</span> <span class='ocrx_word' id='word_1_131' title='bbox 1814 2531 2045 2632; x_wconf 77' lang='lat' dir='ltr'>primis</span> <span class='ocrx_word' id='word_1_132' title='bbox 2075 2548 2289 2633; x_wconf 82' lang='lat' dir='ltr'>poetae</span> <span class='ocrx_word' id='word_1_133' title='bbox 2321 2530 2532 2634; x_wconf 87' lang='lat' dir='ltr'>ipsius</span> 
     </span>
     <span class='ocr_line' id='line_1_18' title="bbox 390 2660 2532 2763; baseline 0 -28"><span class='ocrx_word' id='word_1_134' title='bbox 390 2662 605 2737; x_wconf 83' lang='lat' dir='ltr'>forma</span> <span class='ocrx_word' id='word_1_135' title='bbox 626 2718 647 2751; x_wconf 92' lang='lat'>,</span> <span class='ocrx_word' id='word_1_136' title='bbox 692 2662 885 2763; x_wconf 85' lang='lat' dir='ltr'>cujus</span> <span class='ocrx_word' id='word_1_137' title='bbox 924 2690 1043 2738; x_wconf 77' lang='lat' dir='ltr'>non</span> <span class='ocrx_word' id='word_1_138' title='bbox 1081 2662 1326 2755; x_wconf 57' lang='lat' dir='ltr'>vul-tus,</span> <span class='ocrx_word' id='word_1_139' title='bbox 1363 2691 1483 2737; x_wconf 77' lang='lat' dir='ltr'>non</span> <span class='ocrx_word' id='word_1_140' title='bbox 1520 2663 1692 2737; x_wconf 80' lang='lat' dir='ltr'>color</span> <span class='ocrx_word' id='word_1_141' title='bbox 1728 2690 1921 2750; x_wconf 74' lang='lat' dir='ltr'>unus,</span> <span class='ocrx_word' id='word_1_142' title='bbox 1970 2691 2091 2737; x_wconf 89' lang='lat' dir='ltr'>nec</span> <span class='ocrx_word' id='word_1_143' title='bbox 2134 2663 2227 2735; x_wconf 85' lang='lat' dir='ltr'>ita</span> <span class='ocrx_word' id='word_1_144' title='bbox 2265 2660 2532 2745; x_wconf 72' lang='lat' dir='ltr'>dioersus</span> 
     </span>
     <span class='ocr_line' id='line_1_19' title="bbox 396 2794 2535 2898; baseline -0.001 -29"><span class='ocrx_word' id='word_1_145' title='bbox 396 2812 648 2886; x_wconf 82' lang='lat' dir='ltr'>tamen,</span> <span class='ocrx_word' id='word_1_146' title='bbox 678 2812 758 2871; x_wconf 86' lang='lat' dir='ltr'>ut</span> <span class='ocrx_word' id='word_1_147' title='bbox 781 2794 888 2870; x_wconf 85' lang='lat' dir='ltr'>sui</span> <span class='ocrx_word' id='word_1_148' title='bbox 921 2822 1195 2898; x_wconf 87' lang='lat' dir='ltr'>prorsus</span> <span class='ocrx_word' id='word_1_149' title='bbox 1225 2795 1566 2871; x_wconf 78' lang='lat' dir='ltr'>dissimilis</span> <span class='ocrx_word' id='word_1_150' title='bbox 1586 2853 1606 2886; x_wconf 91' lang='lat'>,</span> <span class='ocrx_word' id='word_1_151' title='bbox 1660 2795 1911 2897; x_wconf 87' lang='lat' dir='ltr'>quique</span> <span class='ocrx_word' id='word_1_152' title='bbox 1937 2794 2204 2869; x_wconf 78' lang='lat' dir='ltr'>Proteus</span> <span class='ocrx_word' id='word_1_153' title='bbox 2235 2794 2423 2888; x_wconf 73' lang='lat' dir='ltr'>alm,</span> <span class='ocrx_word' id='word_1_154' title='bbox 2455 2810 2535 2867; x_wconf 87' lang='lat' dir='ltr'>ut</span> 
     </span>
     <span class='ocr_line' id='line_1_20' title="bbox 391 2929 2531 3032; baseline -0 -29"><span class='ocrx_word' id='word_1_155' title='bbox 391 2929 663 3032; x_wconf 73' lang='lat' dir='ltr'>scripsit</span> <span class='ocrx_word' id='word_1_156' title='bbox 690 2930 1034 3026; x_wconf 75' lang='lat' dir='ltr'>ingeniose</span> <span class='ocrx_word' id='word_1_157' title='bbox 1062 2932 1196 3032; x_wconf 86' lang='lat' dir='ltr'>jam</span> <span class='ocrx_word' id='word_1_158' title='bbox 1214 2929 1495 3006; x_wconf 62' lang='lat' dir='ltr'>laudata</span> <span class='ocrx_word' id='word_1_159' title='bbox 1525 2930 1944 3006; x_wconf 78' lang='lat' dir='ltr'>Proefationis</span> <span class='ocrx_word' id='word_1_160' title='bbox 1976 2948 2242 3019; x_wconf 82' lang='lat' dir='ltr'>auctor,</span> <span class='ocrx_word' id='word_1_161' title='bbox 2271 2957 2339 3030; x_wconf 90' lang='lat' dir='ltr'>p.</span> <span class='ocrx_word' id='word_1_162' title='bbox 2380 2947 2487 3003; x_wconf 80' lang='lat' dir='ltr'>XII</span> <span class='ocrx_word' id='word_1_163' title='bbox 2510 2982 2531 3016; x_wconf 94' lang='lat'>,</span> 
     </span>
     <span class='ocr_line' id='line_1_21' title="bbox 387 3061 2530 3155; baseline 0.001 -20"><span class='ocrx_word' id='word_1_164' title='bbox 387 3091 429 3135; x_wconf 85' lang='lat' dir='ltr'>e</span> <span class='ocrx_word' id='word_1_165' title='bbox 456 3063 735 3141; x_wconf 73' lang='lat' dir='ltr'>manibus</span> <span class='ocrx_word' id='word_1_166' title='bbox 776 3064 1040 3153; x_wconf 68' lang='lat' dir='ltr'>excidis,</span> <span class='ocrx_word' id='word_1_167' title='bbox 1079 3063 1253 3140; x_wconf 77' lang='lat' dir='ltr'>fallit</span> <span class='ocrx_word' id='word_1_168' title='bbox 1283 3063 1558 3155; x_wconf 74' lang='lat' dir='ltr'>oculos,</span> <span class='ocrx_word' id='word_1_169' title='bbox 1589 3094 1629 3141; x_wconf 87' lang='lat' dir='ltr'>e</span> <span class='ocrx_word' id='word_1_170' title='bbox 1659 3063 1896 3139; x_wconf 78' lang='lat' dir='ltr'>vinclis</span> <span class='ocrx_word' id='word_1_171' title='bbox 1930 3062 2141 3138; x_wconf 85' lang='lat' dir='ltr'>effluit</span> <span class='ocrx_word' id='word_1_172' title='bbox 2168 3120 2189 3153; x_wconf 93' lang='lat'>,</span> <span class='ocrx_word' id='word_1_173' title='bbox 2221 3092 2345 3139; x_wconf 77' lang='lat' dir='ltr'>nec</span> <span class='ocrx_word' id='word_1_174' title='bbox 2377 3061 2530 3138; x_wconf 89' lang='lat' dir='ltr'>ideo</span> 
     </span>
     <span class='ocr_line' id='line_1_22' title="bbox 387 3194 2533 3300; baseline -0 -31"><span class='ocrx_word' id='word_1_175' title='bbox 387 3194 615 3270; x_wconf 86' lang='lat' dir='ltr'>minus</span> <span class='ocrx_word' id='word_1_176' title='bbox 633 3216 974 3299; x_wconf 82' lang='lat' dir='ltr'>perpetua,</span> <span class='ocrx_word' id='word_1_177' title='bbox 992 3224 1371 3300; x_wconf 82' lang='lat' dir='ltr'>quanquam</span> <span class='ocrx_word' id='word_1_178' title='bbox 1386 3197 1679 3273; x_wconf 82' lang='lat' dir='ltr'>variante</span> <span class='ocrx_word' id='word_1_179' title='bbox 1695 3194 2178 3300; x_wconf 75' lang='lat' dir='ltr'>prodigialiter,</span> <span class='ocrx_word' id='word_1_180' title='bbox 2190 3196 2533 3297; x_wconf 82' lang='lat' dir='ltr'>voluptate</span> 
     </span>
     <span class='ocr_line' id='line_1_23' title="bbox 385 3327 2447 3433; baseline 0 -32"><span class='ocrx_word' id='word_1_181' title='bbox 385 3327 655 3403; x_wconf 76' lang='lat' dir='ltr'>animos</span> <span class='ocrx_word' id='word_1_182' title='bbox 684 3328 971 3404; x_wconf 83' lang='lat' dir='ltr'>oblectat</span> <span class='ocrx_word' id='word_1_183' title='bbox 990 3386 1009 3419; x_wconf 94' lang='lat'>,</span> <span class='ocrx_word' id='word_1_184' title='bbox 1044 3330 1115 3403; x_wconf 87' lang='lat' dir='ltr'>in</span> <span class='ocrx_word' id='word_1_185' title='bbox 1146 3327 1410 3405; x_wconf 80' lang='lat' dir='ltr'>delicias</span> <span class='ocrx_word' id='word_1_186' title='bbox 1443 3330 1624 3433; x_wconf 84' lang='lat' dir='ltr'>rapit</span> <span class='ocrx_word' id='word_1_187' title='bbox 1654 3346 1722 3405; x_wconf 87' lang='lat' dir='ltr'>et</span> <span class='ocrx_word' id='word_1_188' title='bbox 1751 3329 2142 3405; x_wconf 76' lang='lat' dir='ltr'>suavissime</span> <span class='ocrx_word' id='word_1_189' title='bbox 2177 3329 2447 3404; x_wconf 81' lang='lat' dir='ltr'>detinet.</span> 
     </span>
     <span class='ocr_line' id='line_1_24' title="bbox 508 3458 2531 3558; baseline 0.001 -25"><span class='ocrx_word' id='word_1_190' title='bbox 508 3461 743 3558; x_wconf 80' lang='lat' dir='ltr'>Quum</span> <span class='ocrx_word' id='word_1_191' title='bbox 792 3489 953 3536; x_wconf 82' lang='lat' dir='ltr'>vero</span> <span class='ocrx_word' id='word_1_192' title='bbox 997 3461 1495 3537; x_wconf 78' lang='lat' dir='ltr'>desiderandum</span> <span class='ocrx_word' id='word_1_193' title='bbox 1550 3488 1694 3537; x_wconf 81' lang='lat' dir='ltr'>esse</span> <span class='ocrx_word' id='word_1_194' title='bbox 1743 3458 2052 3536; x_wconf 80' lang='lat' dir='ltr'>nonnihil</span> <span class='ocrx_word' id='word_1_195' title='bbox 2101 3461 2173 3534; x_wconf 84' lang='lat' dir='ltr'>in</span> <span class='ocrx_word' id='word_1_196' title='bbox 2221 3459 2531 3535; x_wconf 82' lang='lat' dir='ltr'>varietate</span> 
     </span>
     <span class='ocr_line' id='line_1_25' title="bbox 310 3589 2528 3690; baseline 0 -26"><span class='ocrx_word' id='word_1_197' title='bbox 310 3618 340 3638; x_wconf 69' lang='grc'>·’</span> <span class='ocrx_word' id='word_1_198' title='bbox 383 3589 756 3665; x_wconf 83' lang='lat' dir='ltr'>lectionum</span> <span class='ocrx_word' id='word_1_199' title='bbox 789 3593 1139 3668; x_wconf 80' lang='lat' dir='ltr'>sensissem</span> <span class='ocrx_word' id='word_1_200' title='bbox 1167 3651 1187 3686; x_wconf 88' lang='lat'>,</span> <span class='ocrx_word' id='word_1_201' title='bbox 1243 3592 1327 3669; x_wconf 86' lang='lat' dir='ltr'>ad</span> <span class='ocrx_word' id='word_1_202' title='bbox 1373 3593 1655 3690; x_wconf 73' lang='lat' dir='ltr'>Regiam</span> <span class='ocrx_word' id='word_1_203' title='bbox 1686 3590 2174 3666; x_wconf 81' lang='lat' dir='ltr'>Bibliotbecam</span> <span class='ocrx_word' id='word_1_204' title='bbox 2217 3591 2488 3687; x_wconf 80' lang='lat' dir='ltr'>confugi</span> <span class='ocrx_word' id='word_1_205' title='bbox 2506 3647 2528 3677; x_wconf 89' lang='lat'>,</span> 
     </span>
     <span class='ocr_line' id='line_1_26' title="bbox 387 3721 2532 3828; baseline -0.001 -30"><span class='ocrx_word' id='word_1_206' title='bbox 387 3722 674 3800; x_wconf 83' lang='lat' dir='ltr'>Codices</span> <span class='ocrx_word' id='word_1_207' title='bbox 702 3752 937 3800; x_wconf 84' lang='lat' dir='ltr'>omnes</span> <span class='ocrx_word' id='word_1_208' title='bbox 969 3725 1461 3827; x_wconf 80' lang='lat' dir='ltr'>manuscriptos</span> <span class='ocrx_word' id='word_1_209' title='bbox 1493 3725 1917 3828; x_wconf 80' lang='lat' dir='ltr'>inspecturus</span> <span class='ocrx_word' id='word_1_210' title='bbox 1935 3776 1958 3812; x_wconf 86' lang='lat'>‚</span> <span class='ocrx_word' id='word_1_211' title='bbox 1993 3721 2251 3825; x_wconf 81' lang='lat' dir='ltr'>siquos</span> <span class='ocrx_word' id='word_1_212' title='bbox 2281 3721 2532 3797; x_wconf 83' lang='lat' dir='ltr'>doctis-</span> 
     </span>
     <span class='ocr_line' id='line_1_27' title="bbox 384 3853 2530 3961; baseline -0.002 -30"><span class='ocrx_word' id='word_1_213' title='bbox 384 3855 599 3931; x_wconf 85' lang='lat' dir='ltr'>simus</span> <span class='ocrx_word' id='word_1_214' title='bbox 622 3857 949 3961; x_wconf 82' lang='lat' dir='ltr'>interpres</span> <span class='ocrx_word' id='word_1_215' title='bbox 971 3858 1372 3954; x_wconf 80' lang='lat' dir='ltr'>ignorasset,</span> <span class='ocrx_word' id='word_1_216' title='bbox 1399 3855 1501 3933; x_wconf 78' lang='lat' dir='ltr'>vel</span> <span class='ocrx_word' id='word_1_217' title='bbox 1526 3856 1925 3955; x_wconf 72' lang='lat' dir='ltr'>neglexisset</span> <span class='ocrx_word' id='word_1_218' title='bbox 1949 3853 2401 3931; x_wconf 79' lang='lat' dir='ltr'>confermdos.</span> <span class='ocrx_word' id='word_1_219' title='bbox 2425 3855 2530 3927; x_wconf 81' lang='lat' dir='ltr'>Ex</span> 
     </span>
     <span class='ocr_line' id='line_1_28' title="bbox 382 3985 2532 4093; baseline -0 -33"><span class='ocrx_word' id='word_1_220' title='bbox 382 3985 499 4061; x_wconf 79' lang='lat' dir='ltr'>his</span> <span class='ocrx_word' id='word_1_221' title='bbox 544 4006 842 4064; x_wconf 83' lang='lat' dir='ltr'>accurate</span> <span class='ocrx_word' id='word_1_222' title='bbox 889 3986 1150 4063; x_wconf 72' lang='lat' dir='ltr'>collatis</span> <span class='ocrx_word' id='word_1_223' title='bbox 1173 4042 1194 4079; x_wconf 91' lang='lat'>,</span> <span class='ocrx_word' id='word_1_224' title='bbox 1244 3989 1413 4066; x_wconf 86' lang='lat' dir='ltr'>duos</span> <span class='ocrx_word' id='word_1_225' title='bbox 1452 3992 1816 4093; x_wconf 74' lang='lat' dir='ltr'>praesertim</span> <span class='ocrx_word' id='word_1_226' title='bbox 1859 3985 2308 4090; x_wconf 70' lang='lat' dir='ltr'>suppeditavit</span> <span class='ocrx_word' id='word_1_227' title='bbox 2359 3985 2532 4060; x_wconf 89' lang='lat' dir='ltr'>XIII</span> 
     </span>
    </p>
   </div>
   <div class='ocr_carea' id='block_1_3' title="bbox 450 4191 1515 4362">
    <p class='ocr_par' dir='ltr' id='par_1_3' title="bbox 450 4191 1515 4362">
     <span class='ocr_line' id='line_1_29' title="bbox 454 4191 1301 4263; baseline 0.004 -19"><span class='ocrx_word' id='word_1_228' title='bbox 454 4193 475 4223; x_wconf 88' lang='lat'>¹</span> <span class='ocrx_word' id='word_1_229' title='bbox 511 4191 830 4259; x_wconf 73' lang='lat' dir='ltr'>Bortmund,</span> <span class='ocrx_word' id='word_1_230' title='bbox 869 4212 934 4247; x_wconf 77' lang='lat' dir='ltr'>en</span> <span class='ocrx_word' id='word_1_231' title='bbox 975 4194 1301 4263; x_wconf 59' lang='lat' dir='ltr'>muffulae.</span> 
     </span>
     <span class='ocr_line' id='line_1_30' title="bbox 450 4292 1515 4362; baseline 0.003 -17"><span class='ocrx_word' id='word_1_232' title='bbox 450 4292 479 4322; x_wconf 82' lang='lat'>²</span> <span class='ocrx_word' id='word_1_233' title='bbox 511 4293 569 4345; x_wconf 83' lang='lat' dir='ltr'><em>A</em></span> <span class='ocrx_word' id='word_1_234' title='bbox 593 4292 798 4361; x_wconf 77' lang='lat' dir='ltr'>lennep</span> <span class='ocrx_word' id='word_1_235' title='bbox 809 4333 826 4358; x_wconf 85' lang='lat'>,</span> <span class='ocrx_word' id='word_1_236' title='bbox 869 4297 1004 4348; x_wconf 74' lang='lat' dir='ltr'>dans</span> <span class='ocrx_word' id='word_1_237' title='bbox 1023 4296 1076 4347; x_wconf 85' lang='lat' dir='ltr'>le</span> <span class='ocrx_word' id='word_1_238' title='bbox 1096 4295 1260 4348; x_wconf 56' lang='lat' dir='ltr'><em>dach!</em></span> <span class='ocrx_word' id='word_1_239' title='bbox 1281 4295 1346 4346; x_wconf 84' lang='lat' dir='ltr'>de</span> <span class='ocrx_word' id='word_1_240' title='bbox 1365 4294 1515 4362; x_wconf 66' lang='lat' dir='ltr'>Bet-5.</span> 
     </span>
    </p>
   </div>
  </div>
 </body>
</html>
