3217 5134
574 567 1658 643 METAMORPHOSEON
1709 576 1902 646 LIB.
1968 580 2149 649 VII.

2292 582 2421 650 513

305 703 775 808 Androgeique
808 736 1035 783 necem
1067 709 1266 809 justis
1299 710 1646 787 ulciscitur
1680 717 1897 791 armis.

300 820 478 894 Ante
514 837 730 896 tamen
754 879 773 911 ,
805 822 987 897 bello
1022 825 1193 899 vires
1225 825 1517 926 adquirit
1549 828 1789 903 amicas
1819 859 1836 916 ;

300 934 585 1037 Quaque
619 955 861 1043 potens
892 938 1204 1027 habitus,
1240 940 1493 1016 volucri
1527 942 1692 1018 sreta
1730 943 1936 1018 classe
1971 965 2284 1046 pererrat.
2333 973 2436 1041 460

297 1051 474 1125 Hinc
509 1053 838 1155 Anaphen
874 1055 1008 1129 sibi
1034 1056 1300 1154 jungit,
1335 1075 1403 1132 et
1434 1059 1817 1160 Astypaleia
1846 1087 2086 1156 regna3

296 1169 656 1244 Promissis
688 1170 1017 1271 Anaphen
1039 1227 1058 1259 ,
1088 1199 1291 1267 regna
1320 1173 1701 1275 Astypaleia
1731 1174 1933 1250 bello.

293 1286 474 1358 Hinc
498 1285 813 1360 humilem
845 1289 1220 1387 Myconon,
1255 1307 1642 1391 cretosaque
1677 1320 1831 1365 rura
1868 1292 2153 1381 Cimoli,

289 1400 808 1505 Florentemque
851 1403 1165 1505 Cythnon
1188 1461 1207 1494 ,
1245 1403 1535 1506 Scyron,
1570 1405 1965 1508 planamque
2001 1408 2368 1510 Seriphon,

285 1595 372 1654 25;
383 1592 480 1647 sed
492 1612 639 1647 nunc
651 1605 704 1647 et
699 1597 1030 1664 firmissimas
1037 1599 1130 1649 ira.
1146 1613 1305 1665 quem

283 1673 364 1726 ira
380 1672 604 1743 impellit
616 1713 630 1733 .
658 1683 717 1727 ut
733 1674 978 1728 omnibus
994 1674 1187 1728 viribus
1202 1675 1307 1728 suis

283 1760 482 1805 utatur.
507 1778 574 1790 —
588 1753 767 1803 Patria
788 1757 894 1813 ira,
922 1770 1038 1820 quae
1059 1752 1306 1806 convenit

278 1828 419 1898 patri
439 1868 456 1896 ,
483 1828 551 1881 ob
576 1828 669 1881 filii
689 1827 907 1882 caedem.
925 1831 1024 1882 Ed.

348 1910 467 1979 459.
506 1909 644 1960 Aule
669 1915 835 1960 tamen
852 1948 865 1968 ,
899 1910 1029 1960 bello
1043 1924 1063 1971 ,⁶
1098 1906 1150 1960 id
1175 1907 1306 1960 mihi

277 1986 448 2054 magis
463 1986 727 2055 poeticum
744 1983 970 2051 videtur,
988 2004 1143 2053 quam
1162 1985 1305 2054 quod

277 2061 444 2116 habet
467 2061 699 2131 vulgata,
734 2065 872 2114 Aule
894 2068 1058 2114 lamen
1081 2065 1298 2127 bellunm·

278 2159 448 2208 quare
485 2142 617 2192 bello
638 2139 886 2209 (dativo)
912 2179 927 2204 ,
952 2139 1094 2209 quod
1119 2159 1304 2195 omnes

274 2217 450 2271 MSS.
474 2226 664 2286 praeter
685 2235 773 2270 sex
798 2216 1021 2285 habent,
1047 2236 1302 2271 revocan-

277 2296 415 2349 dum
432 2295 623 2365 putavi.
641 2293 889 2364 Virgilius
905 2333 921 2361 ,
936 2293 1058 2348 AEn.
1078 2295 1131 2348 ll
1145 2335 1159 2362 ,
1179 2296 1297 2364 315,

269 2377 554 2443 glomerare
560 2392 760 2427 manum
773 2376 923 2440 bello,·
940 2373 1137 2426 ibidem
1147 2413 1163 2441 ,
1183 2374 1267 2428 111
1281 2412 1297 2442 ,

276 2455 381 2519 540
399 2491 416 2519 ,
462 2455 592 2504 bello
619 2457 879 2504 amantur
905 2456 1032 2519 equi.
1055 2478 1123 2492 -
1147 2452 1300 2522 Regii

274 2529 449 2585 nostri
484 2529 679 2582 habent
713 2547 922 2598 quoque
956 2532 1086 2582 bello
1100 2571 1114 2592 ‚
1155 2528 1297 2599 quod

270 2609 597 2666 servandum
618 2629 808 2663 censeo
824 2649 840 2677 ,
867 2609 1160 2664 dummodo
1182 2620 1300 2680 post

271 2697 447 2742 tamn
470 2698 699 2758 ponatur
719 2707 929 2742 comma
943 2729 959 2757 ,
979 2689 1127 2744 sicuti
1151 2690 1206 2742 in
1230 2688 1298 2741 li-

270 2764 374 2818 bro
399 2764 426 2817 1
441 2803 457 2831 ,
484 2768 515 2817 5
532 2804 549 2830 ,
588 2766 727 2817 Ante
741 2804 755 2826 ‚
797 2783 933 2816 mare
953 2771 1007 2817 et
1025 2768 1175 2818 tellus
1196 2774 1295 2818 etc.

269 2845 373 2897 Ed.
399 2868 468 2883 ·-
497 2845 642 2896 Vires
664 2861 798 2912 sepe
820 2841 886 2894 de
910 2844 1069 2912 copiis
1090 2843 1293 2896 milita-

268 2921 433 2975 ribus.
445 2948 512 2961 —
527 2921 765 2981 Amicus,
789 2918 1139 2972 auxiliares.-—
1151 2923 1295 2984 (lua-

267 3019 367 3068 que
395 3003 579 3066 potens
614 3000 821 3050 babilas
843 3016 862 3062 ‚-
895 2996 1118 3048 habebat
1147 2997 1293 3048 enim

267 3077 561 3149 imperium
593 3076 767 3129 maris.
801 3075 880 3128 Ita
915 3074 1294 3144 interpretatur

264 3156 332 3213 cl.
355 3158 565 3224 θίενιξςς
581 3153 673 3209 sed
697 3153 1110 3224 prestantiorem
1127 3152 1291 3207 duxe-

264 3238 376 3290 rim
392 3234 674 3288 lectionem
690 3244 995 3286 nostrorum
1004 3231 1287 3299 Codicum,

270 3317 488 3383 Quaque
499 3318 681 3382 palent
695 3314 887 3376 adilus‚·
903 3311 1091 3380 quibus
1103 3311 1289 3365 melius

264 3391 726 3462 junguntursoeta
743 3393 912 3443 classe
924 3396 1159 3458 pererrat.
1187 3389 1287 3443 Ed.

264 3471 474 3524 -Non
493 3467 683 3522 'admod
691 3486 781 3521 um
793 3471 1011 3521 volucris
1023 3466 1107 3520 illa
1121 3466 1288 3521 classis

262 3549 429 3605 fuisse
438 3547 661 3601 videtur.
668 3545 804 3599 Eam
819 3547 965 3600 enim
976 3545 1162 3614 effugit
1170 3545 1288 3599 Πω-

264 3627 422 3682 datus
435 3665 452 3693 ,
471 3644 589 3679 eam
604 3626 771 3696 ipsam
794 3624 862 3677 ob
881 3642 1086 3678 causam
1106 3663 1121 3690 ,
1143 3623 1286 3693 quod

262 3706 398 3760 velis
439 3704 647 3758 carebat
672 3742 687 3770 ,
727 3721 845 3772 quo
883 3703 1156 3757 invenerat
1182 3742 1198 3769 ,
1231 3713 1286 3756 et

262 3783 462 3855 quibus
484 3782 731 3835 utebatur
748 3780 1016 3835 Dedalus:
1039 3778 1156 3835 vide
1170 3780 1283 3835 Go-

261 3870 399 3934 guet
410 3879 509 3914 von
528 3861 814 3934 Urspmnge
827 3862 917 3911 der
935 3860 1167 3920 Geutze,
1187 3870 1283 3915 ete.

262 3951 402 3994 tom.
419 3936 494 4004 11,
505 3958 554 4007 p.
569 3939 681 4007 276.
696 3936 789 3991 Est
808 3954 932 4007 ergo
943 3955 1085 3990 nunc
1097 3938 1170 3990 nil
1186 3939 1284 3992 nisi

258 4013 540 4086 epitheton
561 4032 780 4080 ornans,
795 4014 900 4066 sive
916 4031 1216 4068 commune.

329 4091 446 4159 461.
468 4093 607 4144 Hinc
622 4092 869 4158 Anaphen
884 4102 979 4145 etc.
1004 4089 1283 4161 Catalogus

257 4170 458 4225 harum
475 4168 765 4221 insularum
793 4166 968 4224 Crete
990 4169 1282 4224 vicinarum

142 4275 153 4286 ·
257 4247 547 4303 commode
587 4245 803 4315 quidem
850 4265 995 4302 nunc
1034 4248 1283 4318 potuisset

260 4329 442 4384 omitti
456 4368 473 4398 ,
493 4326 921 4400 quandoquidem
940 4337 1051 4384 non
1070 4329 1283 4386 historia

549 4427 710 4496 III.

1405 1594 1606 1648 Minois
1622 1607 1870 1650 narratur
1885 1620 1898 1662 ς
1919 1597 2009 1650 sed
2028 1597 2337 1653 eruditionis
2352 1619 2430 1653 os-

1407 1673 1674 1726 tentandoe
1698 1693 1850 1727 causa
1877 1675 1995 1728 talia
2017 1676 2382 1730 inserebantur
2399 1699 2427 1730 a

1401 1751 1956 1822 poetis—Astypaleia
1965 1792 1981 1816 ‚
2007 1772 2102 1821 pro
2117 1757 2424 1824 &sphalma

1401 1829 1535 1882 bene
1562 1828 1710 1882 dedit
1732 1830 1942 1900 Regius.
1970 1830 2112 1885 Illius
2136 1833 2282 1886 enim
2307 1853 2418 1885 no·-

1402 1906 1560 1958 minis
1579 1905 1747 1959 insula
1761 1907 1902 1959 nulla
1923 1906 1976 1958 in
2001 1907 2425 1979 Archipelago.—

1400 1987 1689 2046 Promisso,
1705 1995 1802 2038 etc.
1820 1986 1982 2037 Hunc
2001 2005 2210 2039 versum
2227 2028 2241 2053 ,
2264 2007 2426 2057 quem

1401 2058 1687 2113 delendum
1706 2061 1951 2114 censebat
1973 2062 2110 2115 Mar.
2137 2066 2348 2118 Aecus-s.
2366 2076 2422 2118 et

1401 2138 1489 2206 qui
1508 2137 1654 2191 deest
1670 2139 1723 2191 in
1743 2139 1920 2193 multis
1945 2141 2106 2194 MSS.
2129 2145 2212 2208 (et
2232 2144 2286 2196 in
2305 2144 2425 2197 Re-

1400 2215 1485 2284 gio
1508 2226 1692 2268 nostro
1727 2217 1846 2284 A),
1885 2236 1992 2271 non
2026 2219 2254 2286 damn03
2290 2222 2423 2275 solet

1396 2295 1541 2348 enim
1565 2306 1618 2348 et
1642 2295 1760 2348 alibi
1785 2296 2012 2350 Ovidius
2032 2300 2303 2369 superiora
2328 2319 2418 2354 re-

1395 2381 1574 2439 petere
1600 2390 1724 2426 cum
1750 2372 2110 2428 additamento
2139 2376 2331 2445 aliquo.

1460 2450 1572 2516 463.
1590 2453 1859 2504 Humilem.
1879 2490 1890 2502 .
1909 2493 1920 2503 .
1943 2493 1955 2505 .
1969 2456 2199 2520 planam.
2226 2454 2419 2523 Quum

1393 2527 1643 2598 Myconos
1670 2548 1698 2581 a
1727 2530 1978 2600 Virgilio,
2021 2531 2146 2586 AEn.
2175 2533 2293 2601 111,
2322 2540 2418 2604 74,

1392 2613 1531 2661 celsa
1552 2609 1788 2674 dicatur;
1819 2613 2052 2678 Seriphos
2073 2623 2249 2666 autem
2275 2614 2416 2668 inter

1391 2706 1591 2742 saxosas
1614 2689 1804 2742 insulas
1831 2691 2109 2756 reseratur,
2136 2693 2277 2744 varie
2311 2693 2410 2745 in-

1392 2775 1648 2835 terpretes
1679 2765 1789 2818 haec
1818 2767 2048 2834 epitheta
2075 2780 2128 2820 et
2152 2770 2408 2836 emenda-

1390 2856 1545 2908 runt,
1577 2854 1633 2897 et
1662 2844 1998 2915 explicarunt.
2033 2847 2253 2901 Fatetur
2281 2850 2413 2902 Bur-

1388 2940 1619 2974 mannus
1657 2941 1874 2975 manere
1921 2924 2019 2977 sibi
2059 2925 2262 2980 nodum
2295 2947 2406 2981 non

1387 2997 1716 3051 solvendum.
1742 3000 1946 3069 Nempe
1972 3002 2152 3055 insulae
2187 3003 2287 3057 illae
2317 3006 2409 3060 vi·-

1389 3074 1585 3128 dentur
1608 3075 1727 3130 litus
1748 3078 1934 3130 acclive
1959 3077 2193 3133 babuisse
2216 3120 2232 3146 ,
2265 3083 2410 3137 etsie

1386 3151 1473 3206 illa
1499 3155 1706 3206 humilis
1719 3195 1732 3217 ,
1777 3154 1886 3208 hec
1909 3160 2073 3223 plana
2110 3159 2282 3212 suisse-
2320 3161 2409 3216 Sic

1386 3244 1548 3300 certe,
1564 3235 1952 3299 humilis-Italia,
1976 3236 2124 3307 Virg.
2142 3238 2268 3291 AEn.
2290 3239 2403 3308 111,

1388 3317 1482 3367 522
1507 3334 1521 3367 ε
1548 3314 1667 3368 vide
1695 3315 1894 3388 Heynii
1915 3318 2128 3373 Excurs.
2146 3320 2226 3372 lv
2246 3320 2309 3372 ad
2341 3321 2408 3374 il-

1382 3390 1497 3444 lum
1525 3392 1735 3445 librum.
1768 3395 1875 3448 Pro
1890 3400 2194 3466 planamque
2222 3407 2399 3451 tamen

1382 3489 1507 3523 cum
1545 3468 1823 3525 Constant.
1857 3471 2082 3527 Fanens.
2103 3493 2406 3543 parvamque

1342 3583 1351 3592 ·
1383 3547 1666 3618 legendum
1687 3550 1929 3616 arbitror,
1956 3551 2077 3619 quia
2090 3571 2252 3618 parva
2267 3553 2404 3605 Seri-

1374 3629 1527 3695 phos,
1555 3628 1716 3680 etiam
1739 3627 1809 3694 V,
1837 3629 1931 3695 ²4²
1947 3666 1962 3695 ‚
1989 3638 2042 3681 et
2063 3627 2201 3697 apud
2224 3629 2405 3682 Juve-

1383 3705 1574 3759 nalem.
1598 3706 1725 3760 Fuit
1748 3707 1894 3760 enim
1911 3746 1927 3774 ,
1961 3718 2170 3762 auctore
2196 3708 2401 3776 Plinio,

1382 3785 1628 3839 circuitus
1677 3787 1791 3856 ejus
1827 3787 2040 3840 nonnisi
2087 3787 2195 3841 ΧΠ
2239 3788 2401 3843 millia

1382 3883 1642 3933 passuum.
1652 3867 1822 3917 Plana
1835 3875 2017 3919 contra
2034 3884 2142 3918 non
2164 3865 2262 3918 fuit
2276 3906 2289 3932 ,
2307 3865 2401 3920 sed

1384 3962 1577 4012 aspera.
1591 3972 1658 3984 -
1679 3929 1887 3997 Cretosa
1915 3965 2034 3997 rura
2071 3947 2266 3998 Citnoli.
2303 3946 2402 3997 Ci-

1382 4024 1544 4073 molus
1577 4031 1778 4074 cretam
1814 4021 2037 4075 habebat
2056 4061 2071 4088 ,
2112 4040 2228 4090 quoe
2261 4040 2400 4090 pur-

1382 4098 1562 4169 gandis
1592 4098 1819 4153 vestibus
1855 4098 2198 4153 adhibebatur
2228 4119 2242 4152 :
2280 4098 2399 4153 vide

1381 4176 1650 4240 Plinium,
1681 4175 1892 4229 XXXV
1912 4215 1927 4241 ,
1969 4195 2043 4243 ¹7·
2079 4202 2142 4215 —·
2178 4177 2400 4247 Cslbnos

1384 4252 1597 4306 Cimolo
1635 4253 1819 4306 vicina.
1843 4281 1910 4292 —
1939 4255 2214 4304 florentem
2255 4253 2395 4306 nude

1379 4331 1608 4403 positum
1627 4367 1643 4397 ,
1677 4340 1792 4385 tum
1821 4330 2009 4401 Scyron
2033 4328 2145 4382 sine
2170 4326 2401 4397 epitheto

2050 4430 2132 4496 33
