3217 5134
588 559 1666 665 ¹METAMORPHOSEON
1715 579 1910 651 LIB.
1968 586 2075 654 II.

269 678 503 756 Pallor
531 682 604 757 in
639 713 754 761 ore
788 687 1016 778 sedet3
1054 693 1295 769 macies
1325 696 1397 771 in
1430 727 1716 802 corpore
1751 723 1899 784 toto
1930 739 1949 801 ;

2285 613 2410 659 211

2321 742 2422 813 775

265 798 619 902 Nusquam
654 820 833 878 recta
865 805 1074 895 acies;
1106 807 1312 886 livent
1346 815 1657 914 rubigine
1690 822 1922 901 dentes
1952 857 1970 915 ;

268 915 552 992 Pectora
583 916 735 993 felle
768 919 1026 1011 virent3
1063 923 1293 1023 lingua
1322 948 1424 1004 est
1452 934 1711 1013 suffusa
1746 968 2003 1019 veneno
2034 974 2052 1034 ;

270 1031 483 1107 Risus
512 1033 739 1122 abest,
775 1035 908 1109 nisi
946 1066 1146 1139 quem
1175 1044 1302 1117 visi
1328 1074 1589 1126 movere
1625 1052 1935 1149 dolores;

269 1148 414 1222 Nec
449 1147 697 1225 fruitur
726 1178 968 1227 somno
989 1209 1008 1244 ,
1047 1157 1443 1253 vigilacibus
1480 1168 1688 1244 excita
1724 1174 1903 1249 curis
1933 1205 1950 1265 ;

272 1263 405 1338 Sed
435 1265 620 1340 videt
652 1267 989 1365 ingratos,
1019 1272 1505 1381 intabescitque
1538 1284 1829 1361 videndo
1849 1345 1870 1379 ‚

2322 1327 2423 1395 780

271 1378 634 1456 Successus
663 1381 1017 1461 hominum
1055 1416 1071 1477 ;
1112 1393 1460 1496 carpitque
1494 1403 1892 1503 etcarpitur
1924 1435 2098 1501 una,

265 1563 718 1639 pratantioribus
728 1569 856 1620 Dee
870 1566 926 1621 in
938 1572 1044 1621 ima
1054 1574 1295 1628 mutavit.

267 1639 481 1696 Verum
514 1663 584 1697 ne
613 1644 685 1698 sic
716 1646 933 1715 quidem
967 1648 1121 1707 locus,
1140 1671 1298 1707 sanus

267 1719 411 1773 visus
439 1731 520 1775 est
546 1722 672 1776 lutt.
702 1724 915 1779 offensis
938 1727 1165 1783 son-mula
1187 1734 1300 1784 vul·

266 1804 374 1852 {um
413 1802 594 1853 ducere
613 1805 692 1853 ad
707 1806 941 1870 suspiria.
972 1805 1145 1860 Faber
1166 1828 1298 1862 cor-

265 1877 415 1947 tigit.
442 1885 681 1949 velt-usque
696 1885 849 1937 decor
858 1890 1083 1952 suspitia
1109 1890 1292 1953 duxi&

266 1957 390 2010 satis
423 1958 717 2014 infeliciter.
764 1963 1109 2019 Burmannus
1137 1968 1249 2021 vult
1276 2008 1292 2035 ,

267 2038 347 2087 ad
365 2039 650 2106 cultumque
672 2041 799 2092 Dea·
821 2061 957 2110 susp.
979 2049 1162 2111 movi&
1189 2064 1299 2098 non

268 2113 442 2167 multo
462 2114 935 2172 melius.Schirach.
948 2118 1178 2191 denique
1193 2140 1302 2175 ma·

269 2192 410 2247 lebat
423 2234 438 2260 ,
476 2198 554 2247 ad
572 2199 855 2266 vultumque
877 2201 1004 2252 Deae
1033 2220 1075 2254 s.
1112 2205 1266 2256 duxi!
1282 2244 1296 2267 ,

271 2289 433 2340 quam
481 2273 597 2327 lect.
643 2294 770 2329 sane
816 2276 1097 2332 confirmat
1135 2279 1300 2350 glossa

273 2348 410 2403 cod.
440 2350 589 2405 Leid.
615 2352 725 2407 haec
762 2372 776 2407 ε
816 2357 1299 2427 Vullus'Dcaepul-

268 2428 525 2481 ebern'mae
533 2429 653 2496 fixi!
669 2450 832 2484 causa
844 2472 858 2495 ,
896 2451 990 2485 cur
1010 2439 1297 2502 suspiraret.

268 2504 377 2558 Sed
419 2505 505 2559 ille
547 2506 795 2579 glossator
813 2548 828 2576 ,
882 2511 953 2565 sic
986 2530 1296 2568 succurrere

266 2582 433 2636 voluit
466 2583 680 2639 lectioni
713 2586 945 2641 obscuroe
963 2627 978 2655 ,
1013 2594 1298 2661 vallumque

265 2661 404 2713 Dee.
439 2689 509 2703 —
539 2663 663 2715 Jam
692 2664 860 2732 prima
889 2666 1108 2721 Invidiae
1132 2687 1293 2722 com-

266 2742 437 2794 motio
478 2742 853 2813 interponitur.
886 2747 1000 2798 Ima
1034 2746 1289 2816 suspiria,¹

264 2836 381 2888 quc
406 2816 682 2875 ducuntur
713 2841 774 2875 ex
810 2822 921 2875 imo
957 2835 1196 2893 pectore,
1233 2835 1293 2878 ut

261 2900 375 2950 alla
415 2904 673 2965 suspiria,
716 2897 1066 2967 Claudianus,
1099 2902 1156 2956 11
1181 2943 1195 2970 ,
1233 2903 1291 2957 in

261 2974 489 3046 Eutrop.
516 2976 616 3029 530
635 3017 650 3042 ,
688 2996 805 3046 quse
823 2977 1091 3032 ducuntur
1103 2983 1213 3033 allo
1229 2985 1294 3033 de

263 3058 442 3115 corde,
481 3065 541 3107 ut
577 3053 705 3107 dixit
736 3056 964 3123 Noster,
998 3076 1151 3110 versu
1174 3058 1290 3110 622.

261 3132 297 3185 J
301 3151 386 3185 am
402 3135 581 3185 ducere
598 3136 785 3185 vultam
806 3138 884 3186 ad
891 3139 1110 3201 suspiria
1125 3174 1139 3196 .
1173 3135 1292 3188 vul-

261 3222 382 3265 tum
404 3229 727 3280 componere
753 3210 1087 3266 accomodate
1109 3212 1290 3283 suspi—

259 3290 352 3343 riis
369 3329 385 3356 ,
412 3289 633 3358 suspiria
649 3290 796 3342 vultu
822 3307 1031 3360 quoque
1045 3289 1289 3360 prodere.

262 3368 557 3423 Suetonius
577 3367 793 3439 quidem
811 3408 828 3436 ,
862 3369 980 3423 Tib.
1000 3369 1065 3423 68
1080 3408 1096 3437 ,
1125 3368 1285 3438 dixit,

256 3450 512 3500 adducere
523 3449 730 3509 vultum,
749 3445 813 3499 ad
828 3447 1134 3516 gravitatem
1148 3466 1289 3500 com-

256 3545 465 3598 ponere
486 3565 502 3592 ,
530 3526 619 3578 ubi
638 3524 859 3579 Casaub.
877 3536 1178 3595 comparat,
1203 3529 1287 3578 ob·

254 3610 442 3660 ducere
462 3610 654 3659 vallum
670 3646 686 3673 ,
718 3605 787 3659 ad
813 3606 1112 3660 ‘moestitiam
1136 3625 1289 3660 com·-

254 3701 480 3754 ponere.
500 3681 573 3735 Et
596 3682 799 3736 Seneca
815 3722 830 3750 ,
852 3682 951 3753 Ep.
976 3685 1069 3750 58,
1094 3687 1286 3736 vultum

248 3764 477 3814 adduci!
507 3762 588 3812 ad
612 3764 889 3812 instillant.
935 3761 1093 3814 Hanc
1124 3762 1286 3831 igitur

248 3838 545 3891 lectionem
561 3838 791 3893 multum
807 3840 1028 3908 praesero
1038 3840 1285 3894 omuibus

248 3916 722 3973 emendationibus
759 3919 1065 3989 propositis,
1096 3921 1284 3991 quibus

242 3995 519 4066 repetitur
552 4008 763 4051 tantum
805 3997 946 4067 quod
990 4009 1145 4069 poeta
1173 4001 1283 4069 jam

252 4076 479 4130 dixerat.

323 4160 438 4227 775.
467 4159 648 4210 Pallor
660 4162 715 4210 in
740 4176 825 4209 ore
844 4158 1000 4211 sedet.
1031 4152 1139 4210 Ubi
1158 4176 1287 4229 pro-

244 4236 374 4309 pius
423 4238 636 4290 accessit
659 4277 677 4305 ‚
716 4238 886 4290 forma
924 4237 1038 4305 ejus
1077 4235 1284 4289 descri—

243 4315 417 4371 bitur.
447 4315 632 4386 Quam
647 4316 784 4372 bene
802 4336 865 4372 ea
876 4315 1164 4386 composita
1184 4316 1280 4389 sit,

1395 1579 1545 1635 facile
1570 1586 1801 1654 reperies
1819 1628 1835 1655 ,
1874 1591 1916 1645 si
1937 1595 2246 1665 cogitaveris
2261 1640 2276 1668 ‚
2303 1622 2420 1674 que

1396 1658 1462 1712 de
1479 1661 1668 1718 invidis
1692 1668 1963 1736 praedicari
1986 1674 2203 1730 soleant.
2229 1680 2421 1739 Horat.

1395 1736 1425 1790 I
1439 1776 1456 1804 ,
1484 1738 1585 1809 Ep.
1615 1758 1691 1809 11,
1719 1747 1781 1817 57
1810 1766 1824 1800 ς
1845 1750 2053 1804 Invidus
2073 1757 2284 1811 alterius
2297 1779 2423 1814 ma-

1395 1824 1581 1872 crescit
1611 1826 1759 1875 rebus
1793 1832 1987 1894 oprimis.
2026 1831 2125 1901 Ep.
2158 1850 2256 1889 ΧΠ
2274 1876 2289 1904 ,
2314 1840 2379 1910 37
2405 1861 2420 1894 :

1397 1897 1514 1949 Non
1532 1904 1652 1953 istic
1668 1905 1869 1971 obliquo
1879 1911 2025 1960 oculo
2037 1928 2151 1964 mea
2164 1922 2426 1972 commoda

1396 1978 1659 2042 quisquam
1691 1980 1869 2033 bima!
1878 2021 1895 2050 ,
1929 2003 2031 2037 noa
2062 1991 2181 2042 odio
2213 1995 2426 2048 obscum

1396 2068 1655 2122 morsuque
1679 2066 1909 2111 wamel.
1942 2061 2043 2130 IV,
2063 2063 2172 2119 Od.
2195 2084 2268 2121 111
2283 2113 2297 2132 ,
2330 2074 2391 2126 16
2413 2095 2427 2128 ι

1397 2128 1565 2182 Dente
1581 2136 1749 2185 minus
1762 2140 1992 2191 mordeor
2007 2145 2191 2197 invido.
2202 2149 2432 2205 -Sedet

1398 2208 1702 2276 exquisitius
1716 2232 1894 2283 quam,
1922 2224 2019 2284 cst,
2040 2233 2273 2290 apparet,
2300 2239 2360 2281 ut
2379 2229 2425 2297 l,

1398 2284 1525 2355 267:
1551 2287 1669 2342 vide
1696 2288 1957 2348 Gronovii
1982 2295 2113 2352 obs.
2139 2302 2222 2369 11,
2240 2324 2291 2374 p.
2315 2309 2424 2362 180.

1395 2387 1463 2402 -··
1491 2365 1658 2419 Recta
1677 2376 1831 2424 acies.
1862 2370 2066 2429 Confer
2081 2378 2218 2433 infra
2244 2402 2293 2435 v.
2312 2387 2425 2455 787.

1393 2466 1460 2482 ·-
1474 2444 1677 2514 Rubigo
1696 2448 1885 2517 vitium
1901 2452 2163 2512 dentium.
2181 2486 2248 2500 -
2260 2463 2356 2519 Fe!
2362 2465 2418 2518 in

1394 2530 1606 2588 pectore
1631 2523 1842 2595 signum
1862 2530 2423 2594 malevolentiae-Vi·

1391 2615 1495 2649 rere
1517 2599 1590 2654 sic
1613 2612 1668 2654 et
1694 2601 1969 2661 Claudian.
1998 2613 2086 2683 49,
2107 2614 2173 2685 96
2194 2634 2207 2668 ε
2227 2622 2424 2673 wls-cera

1376 2677 1511 2744 selle
1541 2688 1715 2739 vehent.
1728 2687 2026 2755 ——Sussusa
2048 2711 2235 2746 veneno
2254 2737 2267 2757 ‚
2292 2707 2420 2764 μεςῆ

1395 2761 1464 2813 ἰοῦ
1483 2767 1820 2837 θανατηφόρου.
1846 2765 1991 2818 Male
2019 2767 2155 2820 Rod.
2180 2791 2278 2823 von
2303 2775 2428 2841 Gtsl

1386 2838 1561 2904 ln’qsel
1570 2843 1679 2892 ihre
1695 2843 1882 2910 Zange.
1898 2843 2106 2917 Lingua
2115 2849 2324 2915 suffusa
2338 2870 2423 2904 ve·

1390 2931 1535 2967 neno
1546 2913 1762 2984 dicitur,
1780 2929 1841 2971 ut
1860 2938 1917 2973 os
1930 2922 2187 2989 suffusum
2206 2927 2420 2983 rubore.

1389 3052 1399 3066 .
1459 2994 1567 3062 778.
1600 2996 1766 3048 Btssws
1786 2992 1945 3052 abest.
1971 2999 2279 3075 hnmanitas
2303 3008 2419 3075 ejus

1389 3079 1445 3121 et
1483 3074 1743 3128 cruciatus
1778 3075 2160 3135 describuntur.
2195 3110 2263 3123 -—
2298 3088 2428 3141 Nisi

1388 3168 1543 3219 quem.
1588 3152 1730 3207 Nam
1763 3154 1943 3211 alienis
1971 3161 2121 3215 malis
2157 3173 2416 3234 tanquam

1386 3227 1492 3282 suis
1514 3229 1666 3285 bonis
1689 3232 1896 3288 laetatur
1913 3276 1928 3304 ,
1963 3245 2228 3310 pascitque
2248 3262 2303 3297 se
2326 3269 2417 3299 xoe-

1386 3310 1608 3384 κὸχοφτος
1627 3350 1642 3376 ,
1676 3313 2034 3391 εἰ-ιχαερὲκακος.
2065 3321 2164 3373 Ed.
2191 3349 2259 3361 —
2279 3325 2413 3376 Mo-

1386 3404 1509 3439 vere.
1553 3385 1808 3447 Ciosanus
1830 3413 1893 3447 ex
1915 3395 2081 3450 MSS.
2105 3399 2414 3455 emendan-
2449 3408 2452 3411 ’

1387 3463 1519 3518 dum
1539 3471 1899 3539 oensetsbcere
1915 3515 1929 3535 ‚
1977 3475 2119 3543 quod
2147 3477 2408 3534 efficacius

1383 3542 1483 3609 sit,
1531 3564 1692 3614 quam
1724 3568 1928 3604 movere.
1961 3578 2029 3593 -
2079 3556 2413 3622 Vigilacibus.

1389 3618 1615 3678 Codices
1637 3627 1802 3679 nostri
1829 3628 2016 3699 Regii,
2047 3636 2403 3699 wjgilanle'bus,

1385 3701 1528 3770 quod
1553 3722 1870 3774 reponerem
1897 3726 1911 3761 ε
1935 3726 2064 3762 uam
2088 3716 2286 3779 wgdlax
2307 3734 2406 3784 pro

1383 3783 1634 3848 vigilans,
1666 3794 1896 3838 utcuraae
1908 3805 2006 3855 pro
2019 3796 2272 3854 curiosus,
2296 3811 2411 3847 non

1384 3858 1485 3912 nisi
1519 3859 1585 3913 ab
1623 3863 1923 3917 auctoribus
1953 3864 2230 3923 mediocris
2267 3881 2410 3925 noto

1385 3949 1661 4008 acceptum
1688 3940 1842 4011 fuisse
1869 3945 2109 4012 reperio;
2154 3956 2208 3998 et
2231 3947 2409 4000 forsan

1382 4012 1438 4069 in
1468 4016 1528 4069 iis
1562 4036 1744 4073 errore
1776 4020 2110 4076 librariorum
2144 4023 2245 4077 boc
2283 4045 2407 4079 ver-

1382 4094 1514 4146 bum
1534 4095 1805 4149 insolitum
1819 4099 2042 4168 irrepsit.
2059 4104 2159 4153 Ed.
2171 4129 2237 4141 —-
2252 4105 2417 4172 Carpi

1382 4170 1634 4226 dicuntur
1647 4192 1763 4243 quoe
1783 4177 1979 4229 sensim
1998 4192 2402 4245 consumuntur,

1384 4260 1745 4319 attenuantur,
1768 4254 2080 4324 perduntur.
2103 4259 2249 4330 Virg.
2275 4261 2405 4317 AEn.

1385 4329 1488 4396 IV,
1510 4350 1540 4382 2
1557 4368 1574 4397 ,
1591 4349 1726 4384 ceco
1741 4338 1967 4400 carpitur
1979 4340 2110 4405 iffae.
2125 4336 2249 4393 Hoc
2267 4339 2405 4394 bene
