3217 5134
526 499 537 507 ’
636 544 1674 621 METAMORPHosEoN
1727 555 1922 625 mn.
1979 561 2093 627 11.

2314 590 2438 662 ¹79

286 685 594 762 Ulterius
621 689 849 764 medio
881 691 1170 791 spatium
1206 692 1308 768 sol
1342 695 1519 771 altus
1543 697 1876 789 habebam

285 807 528 903 Quum
564 808 754 883 subit
782 806 899 882 illa
927 836 1161 885 nemus
1182 867 1201 899 ‚
1242 813 1426 914 quod
1460 813 1645 890 nulla
1678 818 2002 894 ceciderat
2033 840 2207 898 aetas·

283 923 503 997 Exuit
534 923 648 998 hic
677 922 961 998 humero
992 925 1403 1026 pharetram,
1442 928 1797 1034 lentosque
1830 938 2120 1013 retendit

282 1039 550 1129 Arcus;
587 1039 793 1142 inque
824 1038 1009 1130 solo,
1053 1043 1233 1142 quod
1272 1061 1522 1121 texerat
1550 1046 1791 1139 herba,
1819 1051 2120 1151 jacebat3

2334 1084 2436 1151 420

282 1157 386 1229 Et
417 1154 664 1257 pictam
696 1155 921 1258 posita
950 1156 1333 1260 pharetram
1367 1163 1615 1238 cervice
1649 1167 2013 1265 premebat.

283 1272 565 1374 Jupiter
596 1291 676 1348 ut
707 1272 876 1347 vidit
904 1273 1174 1365 fessam„
1209 1295 1277 1351 et
1309 1278 1585 1353 custode
1617 1299 1986 1375 vacantem,

290 1423 331 1456 «
377 1391 535 1464 Hoc
567 1408 742 1465 certe
778 1391 1023 1491 conjux
1052 1390 1311 1466 furtum
1342 1421 1489 1469 mea
1520 1396 1804 1489 nesciet,
1834 1400 2087 1502 inquit3

290 1538 329 1571 ι»
373 1506 518 1580 Aut
547 1507 607 1579 si
640 1506 976 1595 rescia-in
1009 1524 1170 1582 sunt
1200 1536 1273 1596 o,
1309 1527 1470 1583 sunt
1496 1511 1719 1610 jurgia
1753 1519 1974 1593 tanti?
2003 1534 2044 1585 ,ς

284 1621 614 1696 Protinus
646 1620 951 1697 induitur
981 1620 1216 1698 faciem
1246 1622 1633 1727 cultumque
1668 1631 1936 1709 Dianae:

282 1811 438 1868 siodo
456 1852 472 1881 ,
490 1832 528 1865 a
540 1832 645 1883 qna
660 1832 761 1866 non
781 1815 1095 1867 mediocriter
1101 1831 1211 1865 esse
1225 1815 1311 1864 di·-

284 1896 473 1945 Ieclan
498 1896 702 1958 propter
723 1894 977 1959 utriusque
1007 1893 1314 1944 consimilem

285 1976 524 2023 naturam
540 1987 558 2033 ,·
575 1969 634 2022 11
653 1969 791 2022 Fast.
816 1974 904 2039 ¹57
925 2008 941 2037 ‚
966 1968 1141 2022 Diana
1155 1988 1275 2023 eam
1293 2008 1310 2037 ,

286 2057 567 2118 postquam
584 2047 755 2115 jurata
768 2057 1080 2116 perpetuam
1095 2046 1316 2117 virgini-

286 2137 455 2180 tatem
491 2125 804 2196 promiserat
820 2165 835 2191 ‚
868 2124 1163 2194 principem
1190 2125 1313 2181 fucit

286 2203 565 2258 comitum.
589 2203 847 2273 Sequitur
871 2203 1134 2257 sententia
1157 2222 1313 2271 vera,

284 2282 433 2336 unde
455 2282 622 2336 lector
641 2283 840 2336 exitum
858 2282 937 2334 rei
958 2281 1192 2336 divinare
1212 2302 1312 2352 po-

284 2369 406 2415 test.
432 2360 528 2415 Est
548 2371 728 2414 autem
732 2366 967 2427 potentia
983 2361 1146 2432 gratia
1160 2400 1176 2429 ,
1205 2379 1310 2431 qua

283 2442 523 2496 valemus
546 2441 689 2511 apud
711 2440 852 2495 alios·

2326 1665 2431 1734 42⁵

1411 1826 1698 1885 argentove
1715 1857 1731 1886 ,
1771 1832 1912 1876 certe
1937 1823 2096 1880 ebore
2126 1838 2219 1884 sut
2248 1850 2431 1889 cornu.

1407 1919 1478 1933 —
1515 1897 1729 1961 Pose'ta,
1764 1901 2118 1959 recumbente.
2150 1934 2218 1949 -
2251 1911 2435 1966 Custos

1407 1981 1582 2039 potest
1605 1975 1864 2031 arbitrum
1886 1980 2177 2050 significare
2196 2024 2213 2053 ,
2238 1996 2299 2040 ut
2320 2006 2434 2042 cus-

1408 2053 1525 2102 tode
1554 2071 1752 2106 vacans
1784 2055 1853 2108 sit
1889 2056 2033 2111 idem
2062 2080 2221 2129 quam
2240 2101 2255 2128 ,
2299 2067 2394 2133 544
2414 2106 2430 2133 ,

1407 2130 1740 2184 inobservata.
1773 2131 1880 2185 Sed
1907 2135 2066 2189 etiam
2087 2140 2353 2210 virginum
2378 2153 2434 2197 et

1407 2215 1701 2273 nuptarum
1714 2210 1957 2265 custodes
1973 2225 2126 2269 erant
2141 2235 2153 2268 ε
2171 2217 2225 2271 11
2242 2219 2432 2275 Amor.

1407 2297 1495 2350 xv,
1525 2286 1603 2337 23.
1632 2286 2281 2364 Petulanter.loquentem
2317 2299 2429 2352 Jo-

1404 2378 1528 2415 vem
1554 2361 1776 2419 inducit.

1471 2445 1584 2510 4²4.
1622 2445 1753 2499 &nt
1778 2466 1810 2499 0
1824 2487 1839 2511 ‚
1889 2455 2015 2502 sunt
2025 2450 2207 2522 jurgia
2242 2461 2384 2509 tanti
2403 2463 2431 2502 Ρ

352 2526 410 2590 4¹
424 2544 470 2593 7.
519 2525 744 2576 Ulterius
774 2524 939 2577 medio
968 2528 1188 2593 spatium
1228 2529 1317 2579 sol
1407 2514 1591 2573 Codex
1619 2521 1814 2593 Regius
1833 2524 1879 2579 Β
1893 2565 1908 2594 ,
1932 2535 2076 2589 sunt,
2097 2549 2129 2582 0
2150 2535 2430 2601 tuajurge'a

281 2603 540 2666 habebam
560 2601 673 2670 iam
688 2600 967 2655 meridiem
984 2603 1309 2671 pertransie-

282 2689 383 2733 rat.
400 2681 605 2733 Habere
614 2684 833 2747 spatt'mn
844 2720 860 2743 ,
885 2678 1013 2733 illud
1027 2699 1307 2736 emensum

283 2779 397 2816 esse
421 2779 613 2824 cursu3
639 2761 726 2828 11,
751 2760 889 2815 Fast,
918 2761 1041 2828 164:
1067 2764 1308 2829 Autplns

280 2847 379 2893 a!
390 2844 606 2894 medinm
628 2843 738 2894 sole
758 2847 953 2895 tenente
973 2844 1118 2897 deem.
1139 2841 1202 2894 B.
1239 2871 1307 2884 -

280 2919 539 2971 Habebat.
554 2916 682 2971 Duo
693 2919 886 2985 agebat
893 2957 908 2981 ‚
927 2917 1069 2985 quod
1083 2936 1194 2971 non
1208 2917 1307 2971 im-

281 2995 472 3065 probat
490 2995 923 3050 Burmannus.—-
936 2994 1117 3049 Nostri
1131 2993 1304 3049 Codd.

276 3075 518 3128 habebat.
534 3100 601 3113 —
617 3075 892 3128 Cecaeverat.
908 3072 1019 3129 Nos
1025 3084 1104 3126 ter
1121 3070 1304 3126 Codex

280 3149 420 3219 Reg.
456 3150 503 3202 B
517 3189 534 3216 ‚
575 3154 821 3205 reciderat
840 3190 855 3214 ,
896 3159 952 3203 et
978 3168 1139 3219 supra
1167 3168 1196 3203 a
1222 3168 1303 3203 se·

277 3225 461 3281 cunda
484 3246 648 3280 manu
665 3267 681 3294 ,
715 3231 989 3281 excuderet.
1012 3225 1113 3280 Ed.
1143 3252 1212 3268 —-
1234 3225 1302 3279 In

276 3304 441 3359 sacris
456 3305 764 3360 nemoribus
787 3315 843 3359 et
864 3304 1078 3359 vetustis
1100 3322 1212 3357 non
1234 3303 1303 3357 li-

276 3385 434 3439 cebat
460 3385 671 3439 arbores
690 3385 909 3440 cedere.
935 3383 1018 3438 Cf.
1045 3384 1162 3451 111,
1202 3384 1299 3449 283

214 3490 221 3509 .
278 3460 453 3529 VIII,
473 3462 607 3534 3293
638 3462 719 3516 IV
743 3463 883 3539 Fast-
904 3462 1021 3535 649.
1042 3461 1173 3515 Tale
1192 3460 1302 3531 igi-

273 3549 373 3593 tur
380 3557 573 3594 nemus
585 3538 809 3594 densum
820 3551 900 3595 est
911 3551 964 3594 et
973 3540 1300 3594 umbrosum.

346 3621 464 3689 419.
488 3622 664 3674 Exuit.
689 3619 895 3675 Ornate
913 3619 1189 3690 :depositis
1212 3638 1302 3673 ar-

275 3698 384 3752 mis
423 3698 573 3753 humi
600 3700 810 3769 quievit.
833 3730 901 3742 —
933 3702 1146 3765 Lentos,
1174 3720 1205 3754 e
1233 3700 1304 3754 li-

274 3795 390 3847 gno
409 3775 634 3832 flexibili.
653 3805 720 3819 —
755 3781 910 3847 Quod
934 3786 1131 3834 texerat
1146 3781 1302 3832 herba

273 3854 583 3922 exquisitius
606 3874 767 3925 quam
785 3896 801 3923 ,
829 3856 1085 3925 herboso3
1113 3859 1303 3913 admo-

270 3942 380 3985 net
395 3931 537 3985 enim
548 3951 673 4000 nos,
693 3934 913 3988 herbam
925 3936 1063 3991 vices
1075 3937 1300 3990 vestium

269 4011 628 4082 stragularum
655 4015 966 4085 prestitisse.
991 4019 1298 4083 Venantes,

272 4089 345 4144 ad
363 4089 715 4146 imitationem
728 4094 846 4148 vitae
862 4094 1118 4163 militaris,
1136 4096 1301 4165 quies-

272 4177 460 4223 ceutes
502 4172 657 4241 capiti
713 4173 1081 4243 supponebant
1136 4193 1298 4228 arma.

273 4245 461 4301 Cei-da
485 4247 553 4301 ad
568 4250 755 4320 virgil.
784 4251 1002 4306 AEneid.
1021 4251 1131 4307 Vll
1149 4290 1165 4319 ,
1188 4254 1301 4319 460.

269 4352 346 4366 ·-
374 4328 575 4391 Pictam
596 4367 613 4395 ‚
652 4328 951 4387 distinctam
973 4370 991 4400 ‚
1034 4331 1139 4385 nisi
1172 4350 1304 4387 auro

1402 2600 1549 2650 tanti.
1579 2597 1721 2667 Quae
1736 2600 1852 2654 lect.
1872 2622 1978 2657 non
1998 2606 2283 2674 rejicienda
2295 2611 2430 2664 mihi

1401 2672 1639 2742 videtum
1654 2679 1848 2734 scilicet
1863 2683 2158 2750 hocsurtum
2175 2706 2289 2739 mea
2302 2707 2429 2741 con-

1388 2751 1498 2819 jux
1524 2765 1657 2810 certe
1686 2765 1878 2814 nesciet
1903 2782 1919 2815 .·
1944 2765 2023 2818 sac
2047 2775 2226 2819 tamen
2249 2766 2315 2819 id·
2335 2788 2424 2821 re-

1399 2838 1592 2898 sc1·erit,·
1602 2854 1635 2887 0
1642 2856 1786 2903 uxor,
1800 2848 1981 2894 suntne
1987 2844 2256 2913 tuajurgt'a
2265 2853 2430 2904 tanti?

1403 2920 1491 2970 Qus
1504 2921 1753 2975 m’x'mporu,
1767 2925 1795 2962 ὰ
1807 2927 1983 2979 cept-122,
1996 2935 2044 2966 ta
2053 2926 2208 2978 jalam
2222 2931 2395 2982 quer-elle
2404 2930 2427 2969 2

1402 2991 1648 3046 Vividior
1660 3013 1786 3049 sane
1805 2996 1903 3051 ista
1918 3001 2233 3072 apostrophe
2248 3025 2261 3068 ;
2282 3015 2335 3071 et
2353 3007 2424 3059 ita

1397 3067 1643 3141 intelligit
1670 3074 1859 3143 Grim'g.
1898 3075 2036 3131 Vide
2073 3099 2187 3150 sqq.
2223 3084 2323 3136 Ed.
2355 3112 2422 3125 —-

1406 3149 1568 3201 Tanti
1575 3169 1689 3205 esse
1707 3150 1974 3223 dicuntur,
1994 3177 2110 3226 quae
2125 3169 2234 3215 tam
2248 3162 2424 3232 gravia

1395 3238 1520 3281 sunt
1536 3269 1551 3293 ,
1579 3239 1641 3283 ut
1654 3249 1846 3287 eorum
1859 3253 2014 3290 causa
2030 3237 2224 3309 aliquid
2248 3242 2330 3295 ve!
2348 3243 2419 3296 sa-

1396 3308 1593 3364 ciamus
1622 3350 1639 3378 ‚
1685 3313 1770 3367 vel
1813 3314 2134 3372 omittamus.
2182 3320 2420 3376 suavitas

1397 3387 1639 3456 quedam
1655 3390 1792 3446 inest
1800 3393 1857 3447 iu
1867 3393 2280 3468 interrogatione
2296 3411 2350 3453 et
2363 3402 2421 3454 in

1395 3467 1624 3535 repetito
1635 3476 1770 3523 snut.
1798 3471 1942 3527 Nota
1958 3473 2116 3527 etiam
2134 3477 2231 3528 boc
2241 3485 2388 3530 cet-te.

1462 3545 1574 3609 425.
1596 3546 1836 3599 Protinus
1856 3552 2083 3603 induitur
2098 3560 2195 3605 etc.
2217 3551 2419 3622 Vulga-

1395 3619 1468 3672 ris
1491 3632 1604 3675 erat
1631 3623 1842 3677 traditio
1861 3662 1878 3691 ,
1920 3625 2113 3679 Jovem
2137 3628 2418 3684 assimula-

1395 3708 1516 3751 tum
1554 3718 1665 3754 esse
1703 3700 1907 3759 Diana.
1945 3703 2052 3758 Alii
2088 3707 2375 3765 narrabant
2397 3750 2418 3778 ,

1395 3796 1524 3830 eum
1566 3778 1825 3848 Apollinis
1868 3783 2096 3837 sormam
2140 3787 2379 3841 sumsisse
2403 3808 2418 3842 ε

1396 3855 1516 3911 vide
1539 3857 1785 3928 Apollod.
1811 3859 1957 3915 Cum
1982 3864 2178 3917 Nostro
2199 3885 2419 3921 consen·

1397 3936 1462 3990 tit
1488 3946 1544 3990 et
1582 3936 1805 4009 Amphis
1838 3942 1977 4012 apud
2004 3943 2202 4016 Hygia.
2229 3945 2289 3998 P.
2315 3946 2416 4013 A.;

1394 4015 1490 4069 sed
1512 4016 1599 4070 ille
1621 4038 1718 4071 suo
1743 4021 1906 4074 modo
1929 4033 2276 4093 persequutus
2295 4038 2374 4081 est
2401 4048 2418 4082 ε

1393 4097 1817 4152 ιἰιᾶωϊηνωὶίκηι
1831 4104 2019 4156 Diana·
2030 4146 2044 4167 ‚
2068 4104 2297 4176 cingitur
2309 4107 2417 4163 ritu

1398 4173 1587 4229 Diana
1604 4215 1620 4243 ‚
1648 4187 1703 4230 et
1723 4179 1885 4231 sumit
1911 4199 2239 4241 arcumcum
2272 4184 2414 4255 pha-

1398 4265 1554 4308 retra.
1578 4255 1666 4308 De
1679 4256 1759 4311 his
1772 4257 1930 4313 armis
1942 4264 2110 4316 cultus
2117 4303 2134 4327 ,
2155 4265 2315 4329 etiam
2333 4267 2383 4319 X
2393 4305 2413 4335 ,

1400 4338 1459 4388 51
1470 4354 1513 4403 7.
1538 4335 1688 4391 Arcu
1701 4348 1880 4391 autem
1897 4356 2059 4394 aureo
2072 4341 2288 4414 insignis
2302 4353 2416 4407 erat
