3217 5134
752 538 825 581 12
1520 516 2090 587 PRAEFATIO

739 683 961 731 rerum
1011 674 1252 734 natura
1304 659 1509 734 habet
1531 718 1550 749 ,
1590 688 1737 763 quae
1795 659 2086 734 hominis
2140 654 2433 732 indolem
2488 656 2874 754 attingunt3

735 817 943 891 eaque
977 808 1045 865 et
1076 792 1316 893 cupide
1350 810 1419 867 et
1442 790 1787 889 ingeniose
1816 816 1979 866 usus
1998 848 2017 880 ,
2043 789 2293 899 insigni
2318 807 2538 866 reru'm
2565 789 2878 865 varietate

736 932 937 1021 atque
972 923 1167 1023 copia
1200 951 1374 1025 opus
1405 951 1599 998 suum
1636 923 1927 1026 posteris
1950 898 2452 1001 commendavit.
2484 922 2669 996 Deos
2700 921 2877 997 enim

735 1052 1091 1157 plerosque
1142 1084 1293 1130 cum
1337 1058 1683 1133 attributis
1735 1058 1875 1133 suis
1917 1057 2028 1132 hic
2067 1057 2437 1160 descriptos
2467 1054 2835 1157 reperimus
2857 1111 2876 1142 ,

733 1189 926 1264 Jovis
953 1191 1396 1291 majestatem,
1424 1190 1706 1267 fulmina
1730 1248 1750 1281 ,
1786 1192 2138 1295 imperium
2173 1192 2244 1266 in
2273 1178 2632 1281 mundum,
2666 1188 2877 1277 furta,

737 1322 1033 1397 Junonis
1087 1322 1482 1426 zelotypiam
1502 1382 1522 1414 ,
1558 1324 1903 1428 Apollinis
1956 1343 2131 1400 artes
2177 1342 2247 1400 et
2294 1351 2582 1414 amores,
2619 1324 2878 1399 Cereris

739 1456 1003 1543 merita,
1041 1457 1367 1530 Mercurii
1410 1457 1857 1534 ministerium
1892 1477 1961 1534 et
1994 1475 2334 1548 ornatum,
2373 1457 2606 1533 Dianae
2633 1455 2880 1530 choros

738 1604 807 1662 et
851 1587 1265 1677 venationes,
1305 1574 1553 1664 Bacclii
1600 1591 1873 1665 nomina
1896 1647 1915 1681 ‚
1949 1619 2059 1666 res
2110 1607 2329 1687 gestas
2371 1606 2440 1664 et
2487 1617 2702 1677 sacra,
2736 1587 2880 1663 Mi-

734 1747 950 1794 nervae
968 1720 1042 1794 in
1057 1720 1342 1796 texendo
1365 1721 1844 1813 excellentiam,
1865 1725 2139 1798 Latonae
2158 1750 2414 1797 errores
2432 1740 2501 1797 et
2518 1721 2873 1810 vindictas,

737 1852 1091 1955 Cupidinis
1122 1883 1302 1930 arma
1333 1874 1402 1931 et
1429 1857 1833 1959 potentiam,
1868 1856 2181 1932 Plutonis
2209 1857 2565 1959 imperium
2593 1855 2664 1930 in
2691 1854 2868 1930 infe-

736 2014 881 2075 ros,
917 1988 1331 2091 Proserpinae
1362 1990 1533 2082 fata,
1568 1993 1993 2094 Neptunum,
2031 1992 2278 2066 Protea
2304 1990 2729 2086 ambiguum,
2765 2017 2877 2064 ca-

735 2148 982 2195 norum
1013 2122 1333 2213 Tritona,
1368 2126 1722 2199 Musarum
1748 2143 1980 2201 cantus
1999 2182 2018 2213 ,
2054 2122 2346 2199 Telluris
2378 2122 2672 2212 fructus,
2695 2122 2876 2196 Tisi-

733 2251 996 2353 phones
1046 2254 1330 2330 sormam
1384 2274 1453 2331 et
1504 2285 1865 2347 venenum,
1918 2255 2117 2330 Isidis
2168 2282 2438 2357 quoque
2468 2255 2876 2357 AEgyptiacae

734 2411 1068 2485 pompam.
1110 2386 1456 2461 Prodeunt
1484 2388 1609 2461 viri
1631 2405 1700 2460 et
1726 2388 1966 2461 heroes
1989 2443 2008 2474 ,
2044 2414 2217 2488 quos
2251 2386 2613 2488 antiquitas
2636 2386 2875 2461 habuit

737 2516 1237 2608 celeberrimos,
1287 2517 1693 2609 Deucalion,
1733 2518 1991 2595 Chiron
2016 2575 2035 2606 ,
2077 2516 2506 2621 AEsculapius
2528 2575 2548 2608 ,
2585 2517 2875 2593 Cadmus

738 2680 889 2726 cum
939 2653 1079 2726 suis
1100 2708 1120 2741 ,
1174 2651 1498 2740 Tiresias,
1550 2653 1834 2727 Perseus
1856 2709 1875 2741 ,
1920 2652 1966 2726 J
1968 2680 2167 2742 ason,
2219 2651 2551 2741 Theseus,
2591 2651 2870 2739 ·Minos‚

736 2783 1086 2874 Daedalus,
1134 2783 1631 2887 TriptolemuS,
1668 2782 2008 2880 Meleager
2026 2841 2046 2874 ,
2098 2782 2420 2860 Hercules
2442 2839 2461 2872 ‚
2500 2782 2818 2885 Orpheus
2850 2839 2870 2871 ,

736 2915 1065 3006 Achilles,
1097 2917 1402 3020 UlysseS,
1420 2904 1855 3020 'Pythagoras
1871 2974 1891 3007 ,
1919 2919 2200 3006 AEneas,
2226 2915 2557 2991 Romulus
2574 2973 2594 3006 ,
2618 2918 2870 3003 Numa,

741 3078 1030 3152 quorum
1056 3050 1357 3124 omnium
1382 3077 1486 3124 res
1523 3048 1827 3151 plurimae
1861 3067 1931 3124 et
1960 3048 2189 3125 laudes
2223 3066 2340 3124 aut
2364 3049 2633 3124 brevius
2666 3049 2872 3123 attin-

742 3199 995 3278 guntur
1004 3228 1031 3271 ·,
1067 3199 1185 3256 aut
1202 3181 1458 3278 ingenii
1477 3182 1748 3257 flumine
1771 3199 2021 3257 ornatae
2044 3178 2477 3283 explicantur.
2500 3182 2864 3269 Notantur,

739 3343 886 3416 quae
911 3314 982 3388 in
1005 3313 1224 3390 animo
1248 3314 1541 3391 humano
1561 3333 1721 3390 sunt
1738 3371 1759 3405 ,
1786 3314 2083 3390 adfectus
2108 3330 2423 3415 paternus
2439 3368 2459 3402 ,
2495 3331 2866 3403 maternus,

735 3447 1068 3523 fraternus
1086 3504 1107 3539 ,
1135 3448 1438 3523 sororius
1454 3505 1474 3537 ,
1503 3422 1690 3523 amor
1707 3465 1927 3522 castus
1944 3502 1963 3536 ,
1991 3447 2315 3534 incestuS,
2344 3443 2697 3522 sceleratus
2712 3502 2732 3535 ,
2763 3445 2870 3521 sui

735 3582 987 3684 ipsius,
1010 3579 1225 3655 libido
1249 3581 1478 3656 furens
1496 3637 1515 3671 ,
1541 3577 1767 3682 plures
1794 3576 2049 3653 doloris
2082 3594 2152 3652 et
2184 3575 2408 3652 luctus
2433 3576 2709 3674 gradus,
2747 3575 2869 3653 de-

737 3715 1060 3818 speratio,
1090 3714 1377 3804 insania,
1403 3716 1535 3802 ira,
1565 3712 1929 3789 ulciscendi
1953 3709 2249 3787 studium
2268 3767 2289 3802 ,
2315 3709 2566 3784 invidia
2585 3765 2605 3798 ,
2633 3708 2869 3784 crude-

737 3849 911 3940 litas,
937 3848 1262 3950 impietas,
1292 3848 1526 3950 pietas,
1556 3848 1956 3937 innocentia,
1987 3844 2398 3949 simplicitas,
2427 3842 2864 3947 hospitalitas,

737 3980 1052 4058 mollities
1070 4038 1090 4072 ,
1123 3978 1484 4072 fortitudo,
1519 3998 1663 4055 tum
1681 4007 1924 4084 pugnae
1945 3996 2014 4054 et
2038 3976 2362 4054 tumultus
2386 3975 2728 4053 variorum
2751 3976 2871 4052 ad-

737 4117 1028 4192 fectuum
1062 4119 1134 4192 in
1167 4117 1408 4192 animo.
1448 4116 1643 4192 Adde
1679 4115 1900 4190 studia
1925 4109 2521 4201 hominum,'bella
2543 4170 2563 4202 ,
2598 4108 2862 4214 praelia,

737 4250 1153 4338 venationes»,
1205 4267 1377 4327 artes
1429 4249 1830 4349 (textoriam
1847 4305 1866 4339 ,
1900 4248 2231 4325 fatidicam
2252 4303 2272 4339 ,
2315 4247 2679 4337 nauticam,
2725 4245 2870 4347 pis-
