3217 5134
594 527 1630 599 METAMORPHOSEON
1685 533 1879 602 LIB.
1934 534 2118 603 v11.
2199 546 2210 556 ·
2294 530 2424 626 493

393 667 554 764 Quo
581 667 777 742 simul
811 669 1153 744 adscendit
1168 727 1190 760 ‚
1219 670 1603 772 frenataque
1639 672 1808 747 colla
1843 672 2204 751 draconum

2327 711 2427 751 220

282 781 652 859 'Permulsit
673 841 693 874 ‚
728 785 1171 888 manibusque
1201 786 1375 863 leves
1406 788 1678 884 agitavit
1709 787 2039 881 habenas3

297 896 619 972 Sublimis
650 899 946 1001 rapitur:
975 900 1369 1004 sublataque
1400 900 1720 978 Thessala
1750 903 2002 1005 Tempe

297 1013 639 1114 Despicit,
668 1015 918 1090 OEtaeis
948 1017 1335 1113 regionibus
1370 1017 1660 1119 adplicat
1691 1046 1940 1114 angues
1965 1050 1983 1092 ε

296 1128 387 1200 Et
421 1156 585 1229 quas
620 1129 794 1203 Ossa
825 1129 1016 1220 tulit,
1049 1136 1344 1234 quasque
1381 1131 1554 1207 altus
1588 1133 1828 1208 Pelion
1858 1133 2137 1226 herbas,

298 1241 719 1344 Othrysque,
754 1244 1178 1348 Pindusque,
1212 1264 1281 1320 et
1313 1247 1528 1322 Pindo
1561 1247 1771 1346 major
1806 1247 2137 1352 Olympus
2159 1306 2179 1341 ,

2328 1273 2427 1333 225

294 1357 658 1460 Perspicit:
689 1360 1026 1462 etfplacita
1054 1362 1297 1465 partim
1331 1362 1550 1437 radice
1583 1362 1878 1452 revellit3

293 1472 544 1549 Partim
576 1475 856 1550 succidit
887 1479 1258 1553 curvamine
1286 1476 1472 1554 salcis
1499 1479 1743 1554 ahenae.

293 1587 514 1664 Multa
550 1618 819 1693 quoque
852 1592 1143 1694 Apidani
1178 1592 1572 1694 placuerunt
1605 1594 1900 1690 gramina
1925 1594 2091 1696 ripis
2112 1651 2132 1684 ‚

292 1713 512 1789 Multa
547 1745 814 1818 quoque
846 1717 1211 1820 Amphrysi
1241 1748 1257 1792 τ
1290 1747 1414 1793 nec
1444 1747 1587 1794 eras
1613 1717 1925 1794 immunis
1943 1776 1962 1809 ‚
1992 1722 2253 1823 Enipeu
2282 1751 2300 1813 3

289 1837 430 1912 Nec
461 1867 600 1912 non
633 1840 864 1942 Peneae
884 1897 904 1930 ‚
937 1871 1057 1916 nec
1089 1871 1226 1916 non
1259 1841 1695 1942 Spercheides
1727 1841 1918 1916 undae

2327 1870 2427 1924 23⁰

293 1960 735 2037 Contribuere
767 1962 1018 2065 aliquid
1042 2020 1061 2054 ,
1094 1965 1500 2066 juncosaque
1533 1964 1729 2039 litora
1761 1965 2024 2038 Boebes.

359 2194 474 2229 πο.
506 2177 621 2243 Quo
639 2178 798 2229 siaul
819 2185 919 2230 etc.
952 2175 1165 2231 Medea
1191 2177 1309 2231 iter.

291 2284 359 2297 —
379 2259 664 2310 permulsit.
690 2255 960 2311 Dracones
983 2257 1128 2311 enim
1142 2298 1159 2324 ‚
1179 2258 1308 2327 qui-

290 2334 389 2388 bus
411 2333 486 2388 dii
509 2334 854 2404 hominesque
878 2334 1175 2403 vehuntur,
1196 2336 1310 2405 pla-

291 2412 395 2467 cidi
414 2413 784 2480 deseribuntur
799 2434 828 2468 a
841 2415 1024 2485 poetis.
1040 2414 1223 2469 Barth.
1241 2412 1309 2468 ad

294 2491 574 2547 Claudian.
591 2493 747 2564 Rapt.
774 2495 832 2563 1,
864 2496 1310 2565 13.-Sablaetaqne

288 2570 637 2626 Burmannus
649 2591 712 2625 ex
727 2591 837 2626 uno
853 2572 1196 2628 Gronoviano
1219 2572 1309 2629 de-

291 2649 405 2716 dit,
437 2659 500 2703 ut
525 2668 679 2703 versu
703 2650 801 2704 355
820 2689 836 2718 ,
866 2654 1073 2705 sublata
1092 2657 1147 2706 ἐπ
1169 2672 1307 2707 aera.

293 2724 493 2781 Ceteri
516 2737 695 2782 tamen
716 2728 879 2783 MSS.
900 2729 1097 2784 habent
1114 2731 1309 2797 subjec-

287 2809 442 2873 taque
465 2846 479 2867 ,
528 2804 672 2874 quod
708 2805 1051 2861 Burmannus
1082 2807 1307 2878 postha-

287 2880 447 2935 bebat
473 2894 728 2953 tanquam
748 2883 1077 2954 superfluum
1098 2924 1115 2953 ‚
1140 2904 1307 2955 quum

287 2962 541 3028 despicere
566 2960 672 3029 jam
694 2961 952 3030 significet
983 2982 1045 3016 ex
1075 2963 1179 3016 alto
1211 2962 1310 3015 de-

288 3052 525 3110 spectare
553 3041 784 3111 subjecta
810 3041 936 3095 loca.
967 3041 1075 3096 sed
1099 3042 1202 3097 hoc
1229 3053 1310 3097 est

289 3118 445 3173 nihili
472 3139 486 3172 ε
513 3118 651 3174 VIII
669 3158 684 3187 ,
717 3119 813 3189 573
829 3160 846 3189 ‚
880 3140 1076 3191 equom
1092 3126 1307 3189 prospi-

289 3205 432 3255 ciens
468 3204 633 3253 ocule‘s
660 3201 927 3268 subjectas·
964 3212 1018 3255 et
1056 3199 1160 3256 hoc
1193 3202 1306 3271 ipso

290 3278 348 3331 in
371 3279 510 3333 libro
527 3318 544 3346 ,
590 3298 685 3353 779
705 3317 722 3345 ‚
762 3282 913 3333 collssss
932 3279 1177 3348 subjectis·
1197 3284 1308 3333 ἰη-

289 3361 608 3411 m'aetmt's.
628 3356 781 3426 Regii
796 3357 961 3411 nostri
976 3357 1173 3416 habent
1189 3362 1309 3412 sub-

276 3438 445 3503 jecta.
466 3464 535 3478 -
560 3438 823 3490 Thessala.
866 3435 1133 3490 Thessalia
1166 3436 1309 3490 ferax

289 3512 580 3568 herbarum
617 3526 995 3569 venenatarum
1037 3525 1092 3570 et
1127 3515 1307 3569 abun—

292 3590 426 3647 dans
454 3594 653 3663 magis3
679 3592 919 3648 Tibullus
937 3633 953 3661 ,
981 3594 1071 3660 11,
1098 3609 1186 3662 nt,
1212 3593 1308 3647 55:

291 3681 347 3726 et
369 3673 425 3727 in
451 3692 519 3726 ea
540 3683 679 3728 terra
702 3693 845 3728 nunc
872 3683 987 3727 erat
1010 3672 1220 3727 Medea.
1240 3700 1310 3715 -

295 3753 517 3815 OEte12e3
556 3756 732 3805 creles&
768 3751 1019 3806 Heinsius
1051 3750 1267 3820 explicat
1288 3788 1305 3818 ,

287 3831 507 3886 cretosis
522 3870 539 3897 ‚
569 3840 624 3884 et
644 3829 818 3895 addit,
840 3828 1163 3884 Thessaliam
1189 3848 1309 3883 cre·-

292 3920 360 3964 to
381 3908 538 3962 fuisse
563 3909 942 3963 feracissimam.
970 3908 1110 3960 Mira
1124 3919 1305 3962 tamen

286 3987 425 4042 certi
437 3986 711 4057 cujusdam
724 3988 823 4041 loci
836 3986 1129 4057 descriptio.
1142 3987 1305 4041 MSS.

290 4083 483 4119 omnes
504 4074 697 4134 prater
720 4083 890 4119 unum
906 4104 922 4132 ,
953 4065 1094 4119 unde
1120 4065 1307 4139 Hein-

287 4144 399 4198 sius
433 4133 590 4196 habet
630 4147 809 4196 culeis
831 4183 846 4206 ‚
890 4142 1075 4213 legunt
1114 4146 1266 4196 ενι-ἰὴ·
1288 4182 1303 4207 ,

288 4220 437 4291 quod
463 4219 947 4291 interpretabantur
966 4221 1050 4274 vel
1064 4221 1274 4275 secretis
1287 4259 1304 4286 ‚

190 4364 198 4372 .
291 4300 376 4354 vel
398 4298 518 4358 visis
537 4338 552 4368 ,
573 4300 655 4356 vel
680 4300 928 4357 discretis.
952 4300 1149 4370 Recepi
1168 4299 1311 4354 Bur-

1397 2176 1585 2230 manni
1618 2176 1980 2246 conjecturam
1998 2217 2014 2245 ‚
2046 2179 2264 2247 OElaei53
2291 2201 2418 2236 nam

1400 2255 1456 2308 iu
1467 2253 1667 2309 Codice
1680 2253 2180 2326 Rottendorphiano
2197 2258 2421 2332 adscrip-

1399 2346 1453 2390 ta
1477 2346 1590 2389 erat
1623 2335 1788 2406 glossa
1805 2375 1821 2403 ,
1850 2338 1957 2391 Isle'
1982 2345 2174 2391 mules
2193 2343 2421 2394 circm-

1397 2417 1527 2467 dant
1558 2416 1892 2468 Thessaliam.
1929 2413 2154 2469 Lensius
2187 2417 2373 2472 suadet
2396 2458 2416 2485 ‚

1403 2491 1607 2544 θηρῶσι·
1623 2495 1935 2559 mathatias,
1973 2491 2029 2545 id
2052 2502 2131 2546 est
2145 2531 2161 2558 ,
2190 2493 2422 2549 Thessa-

1396 2568 1480 2623 lia
1496 2610 1511 2637 ,
1536 2570 1657 2640 quia
1676 2571 1913 2624 Cretheus
1927 2582 2077 2640 pater
2090 2571 2320 2628 AEsonis.
2333 2576 2418 2629 Ita

1397 2663 1528 2699 vero
1546 2646 1736 2716 ineptit
1748 2657 1903 2716 poeta
1919 2687 1935 2715 ,
1959 2646 2175 2718 despicit
2192 2647 2420 2705 Thessa-

1400 2723 1528 2778 liam
1564 2735 1622 2779 et
1666 2744 1845 2779 versus
1893 2725 2217 2787 Thessaliam
2256 2725 2419 2783 flectit

1400 2821 1633 2856 currum.
1670 2802 1823 2871 Regii
1855 2803 2022 2856 nostri
2048 2801 2287 2858 'Codices
2321 2804 2422 2859 ha-

1398 2877 1529 2933 bent
1551 2884 1718 2932 creles.
1747 2905 1815 2919 --
1833 2879 2096 2947 Adplicat.
2135 2880 2257 2934 Hoc
2286 2901 2419 2935 ver-

1400 2957 1531 3014 bum
1572 2959 1785 3011 nonnisi
1822 2958 2090 3012 montibus
2123 2959 2372 3013 convenit
2398 3001 2415 3029 ,

1403 3054 1533 3104 quos
1556 3035 1643 3089 illa
1671 3037 1780 3106 jam
1809 3037 1938 3105 petit
1961 3058 1976 3101 ς
2018 3046 2290 3105 sumptum
2310 3057 2418 3091 au·-

1402 3123 1513 3168 tem
1533 3133 1563 3166 a
1587 3115 1758 3169 nautis
1784 3134 1798 3168 z
1831 3113 1915 3168 111
1936 3153 1951 3181 ,
1979 3117 2092 3187 598.

1469 3192 1583 3245 225.
1598 3195 1828 3246 Radices
1848 3211 1959 3246 non
1979 3192 2365 3263 spernebantur
2386 3214 2418 3248 a

1402 3273 1566 3342 magis
1583 3312 1599 3340 ,
1621 3292 1753 3326 vers.
1778 3273 1907 3340 264;
1935 3274 2126 3328 Horat.
2147 3273 2317 3343 Epod.
2342 3291 2378 3326 v
2397 3315 2414 3342 ,

1400 3351 1481 3404 58.
1506 3379 1574 3392 —
1599 3354 1803 3406 Falcem
1837 3356 2052 3405 ahenam
2087 3351 2272 3405 iisdem
2310 3354 2417 3406 tri-

1399 3431 1517 3486 buit
1547 3433 1708 3486 etiam
1741 3432 1992 3502 Virgilius
2009 3470 2025 3498 ,
2049 3429 2175 3484 AEn.
2199 3431 2286 3485 lib.
2313 3431 2413 3500 lv,

1404 3513 1502 3565 513
1522 3532 1537 3575 ;
1562 3530 1785 3581 eamque
1803 3531 1832 3564 a
1847 3509 2105 3581 Sophocle
2123 3508 2315 3563 habere
2336 3512 2416 3565 vi-

1403 3588 1625 3643 debatur
1638 3590 1874 3643 Macrob.
1891 3590 1964 3655 V,
1994 3607 2069 3660 ¹9·
2095 3588 2270 3642 Etiam
2285 3591 2416 3644 vasis

1401 3677 1459 3721 et
1489 3669 1650 3722 armis
1671 3671 1849 3721 ahenis
1869 3667 2156 3721 utebantur
2178 3668 2235 3720 in
2261 3667 2417 3722 rebus

1402 3747 1628 3817 magicis.
1654 3748 1784 3800 Mox
1805 3764 1959 3799 versu
1980 3747 2072 3816 247
2084 3784 2100 3812 ,
2123 3747 2285 3798 ὤεα
2304 3764 2419 3799 σαν·-

1401 3830 1595 3880 Che-“⁸80

1469 3904 1580 3956 231.
1597 3903 1786 3955 Baebes
1804 3901 2024 3957 correxit
2044 3899 2180 3954 Cod.
2197 3899 2414 3970 Regius,

1404 3995 1572 4052 quum
1596 3983 1804 4033 Pbaebes
1824 3979 2103 4049 legeretur.
2126 3979 2284 4031 Base
2313 3997 2420 4049 op·

1402 4060 1587 4130 pidum
1611 4070 1667 4113 et
1706 4059 1847 4113 lacus
1869 4060 2011 4112 inter
2047 4055 2327 4126 Sepiadem
2361 4067 2417 4111 et

1404 4138 1572 4193 Penei
1610 4139 1756 4190 ostia.
1796 4136 2016 4189 Homer.
2053 4136 2113 4190 Il.
2148 4136 2237 4201 B‘,
2279 4155 2332 4203 7¹
2349 4155 2368 4187 1
2399 4154 2413 4188 ε

1403 4215 1507 4270 vid.
1534 4217 1598 4270 Is.
1617 4214 1910 4269 Vossiusad
1935 4213 2134 4267 Melam
2151 4253 2167 4280 ,
2194 4214 2283 4281 ΙΙ,
2309 4230 2379 4266 ιιι
2396 4253 2414 4281 ,

1406 4300 1487 4354 82.
1497 4325 1563 4340 -
1573 4301 1862 4364 Anthemu,
1883 4298 2010 4353 urbs
2021 4296 2079 4350 in
2090 4297 2243 4352 litore
2260 4297 2420 4353 Βαο-
