3217 5134
629 520 1684 593 METAMORPHOSEON
1738 525 1933 596 LIB.
1988 529 2091 596 ῙῙ.

2325 534 2444 627 173

287 689 328 730 ω
367 663 655 764 Jamque
687 660 851 738 vale.
890 696 927 728 >2
966 664 1216 739 Cortex
1250 663 1320 740 in
1360 665 1561 740 verba
1594 666 1959 741 novissima
1993 667 2191 743 venit.

278 779 455 854 Inde
486 778 708 854 fluunt
738 776 1060 868 lacrimam
1099 780 1477 884 stillataque
1515 781 1660 856 sole
1690 782 2028 880 rigescunt

282 898 393 971 De
429 896 629 971 ramis
659 895 900 973 electra
929 897 1165 984 novis;
1203 926 1350 1000 quae
1384 897 1650 974 lucidus
1685 899 1897 974 amnis

2341 921 2443 977 365

286 1011 594 1115 Excipit,
628 1029 696 1087 et
729 1013 1017 1089 nuribus
1050 1012 1260 1088 mittit
1295 1014 1613 1110 gestanda
1646 1013 1922 1088 Latinis.

387 1129 480 1200 ΙΙ.
521 1125 763 1201 Adfuit
794 1126 955 1202 huic
984 1146 1290 1203 monstro
1325 1129 1550 1231 proles
1582 1127 1957 1204 Stheneleia
1995 1130 2298 1231 Cycnus;

287 1322 444 1371 unu.
480 1316 544 1371 Id
584 1328 664 1374 est
689 1357 704 1385 ,
747 1329 926 1373 cortex
958 1337 1017 1376 os
1052 1318 1320 1374 obducens

286 1401 448 1451 verba
484 1397 776 1452 Heliadum
815 1399 999 1453 ultima
1034 1401 1319 1470 occupavit.

287 1478 491 1533 Noster
522 1477 574 1529 X
589 1517 604 1541 ,
633 1480 728 1551 497
756 1499 770 1532 ε
815 1482 1144 1548 Vem'entt’que
1173 1484 1322 1533 obuia

285 1559 431 1626 ligno
443 1559 675 1609 subsedit
686 1597 700 1618 ,
731 1563 996 1627 mersitque
1007 1577 1129 1612 suos
1145 1563 1199 1611 in
1216 1578 1321 1613 cot*-

287 1640 395 1689 tr’ce
409 1637 580 1688 vultus
594 1653 615 1702 ,·
637 1644 694 1688 et
711 1635 790 1689 ΧΙ
810 1676 826 1703 ,
854 1635 953 1689 256
972 1650 985 1686 τ
1001 1636 1324 1706 ΑώκιῖηῚᾳηε

288 1731 417 1767 snos
435 1718 492 1768 in
514 1715 667 1766 verba
687 1717 1179 1784 nonlrst'mafluclns.
1219 1714 1319 1770 Ed.

291 1821 362 1834 —
403 1796 587 1848 Cortex
622 1798 774 1847 unit.
804 1794 872 1847 ln
905 1793 1083 1864 quales
1109 1795 1321 1850 arbores

290 1881 517 1926 mutate
531 1871 638 1927 sint
656 1911 673 1940 ,
697 1882 855 1942 poeta
875 1890 989 1926 non
1013 1872 1157 1927 addit
1179 1894 1193 1938 ς
1226 1873 1320 1929 sed

294 1950 324 2004 Ῑ
348 1969 415 2004 ex
435 1950 596 2005 Pont.
611 1966 658 2004 11
673 1990 687 2012 ,
718 1951 804 2016 33,
813 1953 1029 2019 populo&
1044 1950 1322 2023 (αἰγείρους)

294 2028 560 2082 nominat.
577 2028 757 2097 Atque
774 2029 846 2082 ita
860 2039 917 2083 et
930 2028 1148 2084 Hesiod.
1166 2051 1183 2095 ς
1200 2030 1324 2103 Hy-

296 2108 407 2178 gin.
419 2105 628 2177 3Virgil.
642 2106 857 2161 AEneid.
877 2108 950 2175 X,
975 2126 1088 2180 1903
1105 2108 1323 2165 Lucian.

297 2185 510 2254 aliique.
539 2184 615 2238 At
635 2184 823 2255 Virgil.
839 2184 951 2239 Ecl.
968 2184 1050 2238 vl
1068 2223 1084 2252 ,
1110 2184 1173 2237 62
1188 2225 1203 2251 ,
1231 2189 1325 2238 al-

293 2282 397 2316 nos
415 2274 804 2318 commemorat
820 2302 836 2331 ,
869 2263 1325 2332 quemadmodum

296 2342 387 2395 alii
402 2345 567 2395 alnos
588 2347 859 2411 autpt'aeus.
878 2342 1018 2396 Plim
1036 2343 1175 2398 Hist.
1201 2345 1321 2399 Nat.

300 2421 573 2477 XXXVII
591 2462 607 2489 ,
635 2439 681 2475 11
698 2463 715 2489 ,
746 2425 794 2477 3.
820 2422 1142 2478 Communis
1162 2443 1325 2495 porro

297 2499 606 2569 opinioerat
623 2499 750 2567 (vid.
765 2512 820 2555 et
831 2501 1015 2571 Eurip.
1033 2501 1195 2572 Hipp.
1209 2505 1322 2571 74⁰3

300 2578 553 2648 Apollon.
573 2578 678 2633 Rh.
698 2578 801 2647 IV,
828 2580 948 2653 596)
961 2619 978 2648 ,
1003 2598 1066 2634 ex
1087 2584 1326 2653 lacrymu-

296 2657 385 2727 (ἔκ
420 2668 515 2712 τῶν
548 2656 789 2734 δακρύων)
825 2657 1036 2712 illarum
1073 2660 1323 2714 arborum

294 2739 488 2789 electra
512 2735 693 2791 nasci:
718 2735 863 2806 quod
885 2756 999 2791 non
1021 2738 1221 2792 mirum
1244 2739 1326 2792 vi·-

296 2813 417 2868 deri
428 2813 623 2881 debet,
649 2833 818 2884 quum
831 2816 1081 2870 arborum
1093 2818 1327 2872 resinam

298 2892 476 2946 Graeci
497 2893 571 2947 ita
599 2891 829 2948 dixerint
855 2895 941 2961 (cs.
965 2904 1020 2949 et
1041 2895 1129 2962 Χ,
1162 2894 1322 2966 501),

298 2981 459 3040 atque
496 2970 661 3025 etiam
690 2970 852 3025 hodie
882 2990 1066 3026 rerum
1094 2983 1325 3027 natura-

296 3049 435 3102 lium
456 3048 790 3121 indagatores
812 3068 877 3103 eo
900 3051 1009 3104 sere
1032 3050 1323 3115 inclinent,

298 3143 367 3185 ut
403 3131 591 3186 resine
611 3131 808 3187 electra
835 3131 1099 3202 originem
1130 3129 1322 3187 debere

300 3218 513 3279 putent.
556 3210 617 3264 Si
650 3209 733 3265 his
774 3209 1071 3275 addideris,
1110 3228 1228 3280 quae
1258 3208 1324 3263 ad

297 3307 435 3343 vers.
460 3290 562 3356 324
584 3289 882 3344 notavimus
898 3328 914 3356 ,
935 3289 1059 3345 satis
1078 3288 1327 3360 probabi-

294 3366 422 3421 liter
472 3368 567 3423 tibi
608 3368 839 3423 fabulam
881 3366 1325 3437 interpretaberis.

282 3445 595 3517 Sophocles
616 3446 672 3500 in
691 3457 819 3518 trag.
838 3444 1111 3516 deperdita
1129 3464 1193 3499 ex
1216 3444 1327 3499 aliis

296 3525 548 3599 lacrymis
560 3526 752 3580 electra
761 3525 903 3580 nasei
918 3525 1160 3592 finxerat,
1172 3543 1327 3577 nem·

296 3624 369 3676 pe
402 3624 536 3675 quas
577 3604 835 3675 Meleagri
871 3622 1078 3658 sorores
1114 3603 1173 3656 in
1206 3620 1326 3655 aves

296 3694 524 3736 mutatu>
560 3683 616 3736 in
646 3682 799 3737 India
836 3681 1031 3737 flerent
1064 3699 1078 3734 t
1115 3679 1258 3750 quod
1295 3699 1325 3733 a

294 3761 443 3816 Ptin.
457 3760 599 3816 dicto
608 3761 744 3830 loco,
755 3759 1191 3832 reprehenditur:
1206 3758 1328 3812 vide

297 3842 531 3894 omino
569 3840 797 3896 Gesneri
834 3841 972 3895 Diss.
1016 3840 1072 3893 in
1108 3839 1325 3894 Comm.

293 3919 502 3975 societ.
524 3919 762 3991 Gotting.
788 3930 824 3975 t.
849 3920 966 3988 111,
991 3940 1042 3990 p.
1069 3939 1147 3989 72.

372 3999 490 4066 364.
513 4001 719 4053 &alam
732 4040 747 4063 ,
773 3999 986 4070 passive.
1014 4025 1084 4041 —
1102 4000 1329 4052 Luczuus

292 4083 456 4139 >mk
469 4117 486 4144 ‚
519 4078 701 4133 clarus.
746 4106 815 4121 —-
851 4079 1074 4133 Nutibus
1108 4078 1328 4131 latebis.

292 4160 450 4215 Italis
504 4159 830 4214 mulieribus.
885 4161 1059 4212 Nemes
1105 4156 1329 4210 omnino

292 4239 500 4295 mulier
519 4238 705 4309 poetis.
733 4235 856 4292 Vid.
891 4237 1009 4304 111,
1044 4239 1154 4290 528.
1190 4234 1328 4292 Plin-

294 4318 353 4373 d.
382 4318 416 4373 1.
439 4328 659 4389 narrat,
683 4335 780 4374 suo
800 4329 1039 4389 tempore
1065 4313 1330 4385 Transpa-

1417 1318 1686 1373 danorum
1728 1330 1954 1391 agrestes
1989 1321 2213 1376 seminas
2257 1325 2446 1377 moni—

1417 1398 1548 1452 lium
1575 1399 1688 1453 viee
1711 1401 1922 1455 succina
1949 1412 2149 1470 gestare
2171 1442 2186 1468 ,
2222 1405 2449 1457 maxime

1422 1476 1627 1533 decoris
1650 1480 1813 1549 gratia
1830 1520 1846 1549 ,
1872 1480 1962 1534 sed
1983 1492 2037 1534 et
2055 1482 2348 1538 medicine.

1484 1557 1601 1610 366.
1627 1558 1808 1612 Mersit.
1832 1560 1942 1613 Pro
1959 1566 2142 1621 millii,
2174 1580 2313 1615 unus
2341 1560 2449 1616 Co—

1419 1633 1533 1699 dex,
1551 1642 1726 1697 nutn'l,
1747 1637 1890 1707 quod
1905 1638 2251 1694 Burmannus
2265 1660 2448 1694 exem-

1417 1712 1515 1782 plis
1553 1712 1807 1781 illustrat3
1858 1716 1950 1770 sed
1994 1717 2226 1771 alienum
2265 1730 2342 1774 est
2381 1720 2446 1773 ab

1417 1790 1521 1846 hoc
1551 1791 1683 1846 loco.
1711 1820 1779 1834 —·
1809 1796 2028 1849 Mittunt
2055 1816 2255 1851 merces
2291 1809 2448 1853 terre

1418 1888 1495 1924 ee
1510 1908 1527 1937 ,
1559 1871 1651 1924 ubi
1672 1870 1931 1925 maximus
1955 1892 2139 1926 earum
2159 1887 2447 1944 proventus

1417 1957 1475 2003 et
1500 1959 1778 2002 mercatus.
1794 1977 1862 1989 —
1874 1950 1961 2003 Sic
1976 1962 2030 2004 et
2050 1951 2232 2020 virgil.
2247 1952 2446 2025 Georg.

1421 2026 1449 2081 1
1464 2065 1481 2094 ,
1512 2031 1572 2095 57
1601 2029 1789 2080 :India
1810 2033 1970 2080 mitti!
1987 2033 2119 2083 ebur.
2146 2030 2246 2083 Ed.

1410 2128 1415 2137 ·
1490 2104 1744 2175 367-400.
1769 2107 1964 2174 Adsm'l
1974 2109 2093 2160 huic
2107 2116 2327 2163 monstro
2347 2121 2449 2165 etc·

1425 2183 1645 2258 Cycnus
1665 2224 1682 2253 ,
1718 2204 1811 2239 rex
1835 2186 2061 2257 Liguriae
2077 2227 2092 2255 ‚
2130 2187 2259 2241 dum
2285 2188 2450 2243 deflet

1421 2261 1820 2318 Phaethontem
1849 2303 1865 2332 ,
1906 2266 2162 2335 sanguine
2202 2277 2450 2320 materno

1421 2341 1519 2396 sihi
1542 2342 1789 2411 junctum
1806 2382 1822 2411 ,
1847 2354 2088 2398 mutatur
2107 2345 2165 2398 in
2192 2365 2343 2400 avem
2367 2347 2450 2401 sui

1420 2424 1667 2478 nominis.
1689 2424 1894 2481 Confer
1910 2427 2052 2500 Hyg.
2070 2427 2300 2482 fabulam
2324 2433 2450 2498 ¹54³

1420 2514 1475 2557 et
1499 2503 1688 2574 Virgil.
1710 2504 1927 2560 AEneid.
1963 2507 2049 2574 Χ,
2097 2508 2188 2582 ¹⁸9
2210 2548 2226 2577 ,
2269 2509 2448 2578 ibique

1423 2580 1719 2652 Heynium.
1741 2582 1980 2637 Lactant.
2015 2583 2239 2655 Argum.
2261 2585 2451 2639 fabule

1420 2673 1695 2716 auctorem
1712 2663 1836 2718 facit
1854 2663 2214 2718 Phanoclem’
2200 2684 2256 2718 nn
2271 2663 2449 2750 Cupi-

1421 2738 1650 2794 dinibus.
1689 2741 1899 2810 Nempe
1926 2740 2013 2795 ille
2050 2740 2224 2811 elegos
2252 2729 2452 2814 ἐρώτων

1421 2818 1644 2872 nomine
1657 2819 1960 2889 scripserat,
1977 2819 2042 2873 de
2054 2818 2244 2888 quibus
2262 2818 2454 2874 Heius.

1422 2905 1476 2948 et
1506 2896 1691 2949 Burm.
1718 2895 1783 2948 ad
1814 2896 1895 2963 Χ,
1922 2896 2002 2948 83.
2045 2894 2242 2949 Addita
2267 2905 2449 2950 autem

1421 2973 1534 3028 hac
1564 2985 1691 3028 sunt
1717 2972 1858 3027 haud
1884 2972 2042 3028 dubie
2062 2974 2320 3044 superiori
2343 2976 2452 3031 sab.

1421 3062 1703 3122 postquam
1733 3050 1996 3105 Eridanus
2034 3071 2130 3122 pro
2155 3052 2306 3107 Pado
2339 3053 2448 3107 ha·-

1420 3129 1536 3183 beri
1567 3129 1740 3199 coepit.
1767 3129 2049 3184 Pausanias
2080 3129 2239 3184 Attic.
2272 3150 2321 3200 p.
2349 3132 2412 3203 76
2430 3172 2447 3199 ‚

1420 3207 1568 3262 facile
1591 3227 1647 3260 se
1669 3206 1885 3261 credere
1905 3207 2006 3275 ait,
2042 3207 2291 3282 Cycnum
2309 3246 2325 3275 ,
2353 3207 2449 3262 Li-

1422 3304 1615 3355 gurum
1640 3304 1821 3355 regem
1838 3325 1853 3353 ‚
1895 3286 2094 3340 musica
2117 3286 2410 3340 excelluisse
2430 3326 2446 3354 ,

1419 3364 1514 3420 sed
1539 3365 1791 3419 eumdem
1812 3376 1929 3435 post
1951 3376 2183 3419 mortem
2205 3366 2270 3419 ab
2289 3365 2449 3433 Apol·

1422 3445 1529 3499 line
1571 3446 1629 3498 in
1664 3464 1816 3500 avem
1872 3443 2118 3517 Cycnum
2159 3464 2268 3498 esse
2321 3462 2449 3496 mu-

1424 3532 1593 3577 tatum
1613 3543 1668 3577 se
1690 3542 1802 3577 non
1827 3523 2063 3577 credere.
2086 3523 2157 3576 Et
2180 3531 2288 3575 tam
2311 3541 2449 3574 mu·-

1422 3602 1545 3667 sici,
1574 3619 1738 3670 quam
1752 3611 1921 3670 poetae
1938 3638 1954 3665 ,
1974 3619 2097 3654 cum
2116 3600 2292 3671 cycnis
2308 3618 2450 3653 com·

1423 3680 1594 3750 parari
1605 3680 1844 3733 solebant
1863 3698 1875 3731 ε
1893 3680 2081 3733 Horat.
2101 3679 2203 3747 lv,
2226 3677 2333 3733 od.
2349 3695 2417 3731 111
2431 3719 2446 3747 ,

1424 3763 1506 3813 25.
1522 3758 1675 3812 Alius
1693 3760 1894 3829 Cycnus
1908 3757 2052 3825 XII,
2074 3779 2133 3828 7²
2149 3797 2164 3823 ‚
2187 3776 2451 3811 memora·

1427 3849 1531 3895 tur.
1545 3867 1615 3879 -
1631 3842 1771 3892 Huic
1783 3844 2018 3892 monstro.
2036 3838 2180 3891 Huic
2195 3838 2451 3891 transfor-

1423 3918 1680 3983 mationi3
1707 3936 1836 3972 nam
1862 3923 2136 3970 monstrum
2158 3917 2333 3970 omnis
2366 3935 2452 3970 res

1424 4010 1720 4054 monstrosa
1735 4009 1827 4053 aut
1840 3999 1992 4053 mira.
2009 3996 2227 4053 Adstitit
2244 4000 2298 4052 in
2323 3999 2452 4070 ripis

1425 4077 1648 4132 Eridani
1670 4077 1913 4150 Cycnus,
1940 4096 2105 4147 quum
2124 4076 2375 4133 Heliades
2391 4080 2451 4132 in

1426 4156 1640 4210 arbores
1663 4166 2016 4211 mutarentur.
2039 4185 2108 4197 —
2131 4159 2444 4220 Stheneleia,

1427 4234 1703 4290 Sthenelei
1723 4234 1877 4289 filius.
1899 4235 2105 4306 Regem
2126 4235 2352 4307 Liguriae
2368 4255 2456 4290 co-

1425 4323 1647 4389 gnatum
1676 4314 1836 4370 fuisse
1860 4315 2059 4386 reginoe
2099 4315 2414 4386 AEthiopum
2430 4352 2454 4387 ,
2485 4362 2492 4369 .
