3217 5134
811 564 939 628 238

1367 564 1444 630 P.
1506 564 1863 633 ov1D11
1905 560 2356 635 NASONIS

806 705 987 778 Fons
1022 720 1215 778 sonat
1246 731 1282 777 a
1318 702 1579 793 dextra,
1620 706 1804 779 tenui
1836 705 2221 808 perlucidus
2255 706 2473 798 unda,

772 910 779 919 ι
811 818 1113 914 Margine
1148 817 1480 914 gramineo
1512 820 1779 920 patulos
1813 820 2143 896 incinctus
2172 822 2415 898 hiatus.

810 937 939 1009 Hic
972 937 1113 1010 Dea
1146 936 1455 1011 silvarum
1486 955 1729 1012 venatu
1757 937 1962 1025 fessa,
2001 936 2259 1013 solebat

805 1052 1158 1148 Virgineos
1192 1070 1373 1127 artus
1407 1051 1665 1154 liquido
1699 1051 2096 1153 perfundere
2128 1082 2304 1127 rore.

804 1171 964 1268 Quo
996 1188 1350 1271 postquam
1383 1170 1593 1244 subiit
1616 1226 1635 1256 ,
1673 1169 2132 1270 Nympharum
2161 1166 2438 1243 tradidit
2467 1169 2589 1243 uni

2840 1192 2932 1247 165

810 1285 1168 1381 Armigerae
1196 1283 1517 1385 jaculum,
1555 1282 2104 1386 pharetramque,
2141 1311 2465 1387 arcusque
2496 1298 2817 1360 retentos.

806 1400 1037 1475 Altera
1067 1398 1386 1500 depositae
1421 1399 1705 1498 subjecit
1735 1400 2009 1475 brachia
2041 1399 2250 1501 palla.
2330 1470 2336 1479 .

804 1624 906 1675 que
940 1613 1090 1657 antra
1130 1611 1425 1656 constructa
1466 1600 1821 1671 fingebantur.

803 1682 943 1738 VIII
961 1723 976 1750 ,
997 1682 1091 1747 563
1112 1682 1323 1753 x,692.
1349 1679 1406 1734 11
1420 1679 1670 1734 Fax-,1315
1687 1681 1823 1734 :An-

804 1769 883 1814 lra
917 1764 1057 1813 subit
1076 1762 1246 1829 tophis
1277 1762 1608 1828 laqueataque
1622 1764 1823 1826 pumice

801 1844 929 1892 vieo.
957 1837 1094 1891 Plin.
1124 1852 1293 1891 xxxvl
1310 1876 1326 1902 ,
1360 1856 1420 1891 21
1449 1856 1463 1890 2
1490 1838 1604 1888 Non
1624 1845 1824 1904 preter·-

800 1919 1044 1969 me'tlenda
1058 1922 1139 1968 es!
1146 1922 1201 1969 el
1202 1919 1457 1983 pumicum
1473 1920 1670 1967 natura.
1696 1915 1821 1983 Ap—

790 1997 1052 2063 pellantur
1082 1996 1279 2062 qut'dem
1318 1996 1395 2045 ila
1432 1999 1486 2046 el
1504 2010 1652 2045 erosa
1688 2011 1821 2045 saxa

798 2082 853 2128 ia
873 2077 1130 2145 aede'ficik,
1166 2093 1272 2143 que
1285 2093 1458 2126 musea
1476 2078 1666 2126 vocant
1677 2114 1691 2137 ,
1719 2076 1820 2126 de-

791 2157 1065 2220 pendentia
1078 2193 1094 2216 ,
1129 2157 1205 2205 ad
1221 2156 1488 2220 imaginem
1513 2170 1692 2220 specus
1713 2158 1822 2204 arle

798 2235 1116 2286 reddendam.
1157 2258 1223 2272 —
1256 2232 1494 2283 Nale'eum
1512 2270 1525 2291 ,
1569 2250 1598 2282 a
1633 2238 1822 2282 natura

799 2311 1009 2363 sactum.
1043 2336 1111 2349 —-
1135 2310 1269 2360 Fons
1293 2307 1392 2360 suit
1415 2307 1468 2359 in
1499 2306 1611 2376 ipso
1636 2317 1819 2373 antro,

802 2409 931 2443 vers.
973 2408 1081 2459 ¹77·
1123 2387 1325 2459 Hygia.
1368 2386 1470 2439 sab.
1518 2386 1603 2440 181
1631 2425 1648 2452 ‚
1694 2404 1820 2439 eum

802 2475 951 2519 vocat
973 2467 1314 2518 Parthenium.
1332 2464 1556 2517 Pausan.
1576 2462 1633 2515 in
1651 2462 1821 2516 Boeot.

802 2565 918 2615 pag.
946 2546 1069 2613 714,
1098 2552 1279 2596 narrat
1297 2582 1312 2609 ,
1349 2541 1581 2612 Megaris
1603 2540 1821 2595 Plataeas

801 2622 1249 2693 proficiscentibus
1304 2621 1368 2675 ad
1422 2621 1660 2675 dextram
1710 2642 1818 2676 esse

799 2704 1003 2757 sontem
1041 2713 1095 2756 et
1128 2720 1307 2756 saxum
1326 2740 1342 2769 ‚
1387 2699 1530 2772 quod
1558 2700 1820 2754 Actaeonis

797 2799 975 2833 saxum
1008 2778 1248 2847 dicatur,
1297 2778 1351 2831 in
1390 2797 1495 2848 quo
1533 2777 1749 2831 Actaeon
1786 2797 1816 2832 e

799 2869 995 2913 venatu
1019 2858 1181 2912 sessus
1204 2857 1393 2911 cubare
1419 2856 1599 2911 solitus
1623 2856 1782 2910 suerit
1799 2895 1815 2923 ,

792 2946 850 2989 et
907 2936 1049 2990 unde
1102 2935 1425 3008 prospexerit
1471 2934 1700 2989 Dianam
1760 2934 1816 2987 in

798 3016 1039 3085 proximo
1062 3016 1207 3071 sonte
1231 3015 1512 3067 lavantem.
1534 3038 1601 3054 ·-·
1626 3015 1680 3066 A
1702 3015 1818 3065 dex·

795 3100 888 3145 tra.
913 3091 1097 3145 Codex
1115 3093 1306 3147 Noster
1322 3092 1518 3162 Regius
1533 3090 1601 3159 B,
1617 3092 1815 3143 addex-

799 3178 943 3224 tram.
963 3169 1061 3223 Ed.
1077 3197 1145 3209 ·—-
1167 3172 1351 3223 Tenuis
1366 3210 1380 3231 ,
1400 3189 1510 3223 non
1526 3167 1817 3238 profunda,

794 3260 854 3305 ut
888 3250 999 3311 Liv.
1022 3246 1081 3317 Ι,
1111 3252 1157 3316 4.
1181 3277 1250 3291 --
1270 3251 1490 3311 Hiatus,
1518 3250 1630 3302 sine
1656 3246 1816 3301 dubio

790 3328 931 3382 lacus
962 3347 1151 3398 aquam
1174 3326 1435 3397 colligens.
1468 3326 1603 3381 Plin.
1635 3326 1775 3381 VIII
1795 3366 1811 3389 ,

795 3404 894 3475 Ep.
916 3421 1055 3471 vlu,
1087 3426 1144 3472 2,
1171 3402 1235 3457 de
1266 3400 1575 3468 Clitumno,
1609 3404 1814 3455 elucta-

791 3492 874 3536 tus
892 3474 1041 3553 saci!
1068 3487 1312 3552 gurgitem
1326 3522 1343 3543 ,
1378 3485 1471 3550 qui
1496 3485 1604 3534 lalo
1629 3476 1816 3548 gremii)

780 3567 1006 3629 patescit
1017 3582 1177 3630 purus
1200 3568 1253 3615 e!
1278 3565 1480 3614 vt‘lreus.
1508 3588 1576 3600 --
1602 3561 1815 3613 Palulos

787 3645 977 3697 hr'alus.
1000 3643 1262 3709 ‚Pateutes
1292 3640 1464 3711 ripas;
1498 3639 1642 3693 hiare
1666 3638 1813 3692 enim

788 3719 1039 3774 videntur
1062 3721 1187 3791 ripoe
1211 3722 1271 3773 ut
1305 3718 1450 3772 fluvii
1482 3718 1690 3772 alveum
1721 3718 1812 3771 sa-

788 3798 943 3855 ciant.
966 3800 1070 3850 Ed.
1093 3828 1161 3840 —-
1183 3801 1346 3861 Bere,
1376 3792 1542 3867 aqua,
1570 3792 1673 3869 qua
1697 3797 1812 3865 quis

792 3874 1147 3947 perfunditur.
1188 3874 1242 3942 I,
1273 3875 1364 3945 37¹
1387 3915 1403 3942 ,
1427 3878 1616 3943 liquido
1634 3914 1647 3929 .
1685 3872 1808 3926 lim-

790 3955 929 4026 pido,
943 3982 1010 3995 ——
1023 3952 1348 4020 Persuadere,
1366 3971 1559 4021 nempe
1577 3971 1640 4005 ex
1655 3971 1807 4020 urna,

789 4055 920 4089 vers.
952 4054 1059 4104 ¹72·
1085 4033 1210 4089 Non
1236 4032 1584 4101 immergebat
1605 4049 1810 4100 corpus.

858 4111 967 4163 165.
1022 4112 1199 4163 Subiit.
1239 4111 1412 4162 Subt're
1453 4112 1508 4162 et
1548 4110 1810 4162 succedere

785 4187 893 4241 vim
930 4188 1385 4260 appropinquandi
1424 4188 1637 4243 babent.
1682 4191 1808 4256 Quo.

786 4266 932 4323 Num
965 4269 1141 4336 quod?
1176 4266 1259 4321 De
1298 4267 1545 4339 nymphis
1575 4266 1806 4319 Dianam

785 4347 1154 4401 comitantibus
1169 4386 1185 4414 ,
1208 4346 1521 4416 variumque
1544 4346 1593 4401 ei
1616 4345 1804 4399 minis-

1917 1603 2114 1657 terium
2128 1602 2523 1674 prestantibus,
2547 1602 2667 1657 vide
2694 1602 2940 1659 Callima-

1915 1680 2274 1754 ebihymnum
2291 1681 2355 1735 ad
2374 1682 2678 1736 Dianxers.
2709 1684 2798 1749 13,
2821 1701 2931 1753 sqq.

1913 1759 2032 1806 —V
2036 1758 2202 1812 ossian
2209 1756 2622 1828 us,quem.Codd.
2638 1758 2815 1829 Regii,
2828 1779 2938 1827 que.

1986 1834 2094 1905 167.
2129 1836 2354 1904 subjecit
2370 1840 2595 1889 brachiu.
2620 1835 2938 1905 Exquisitius

1916 1931 2074 1981 quam
2102 1952 2118 1980 ,
2161 1914 2386 1983 suscepit
2429 1913 2617 1984 pallam
2648 1935 2663 1977 3
2713 1915 2934 1968 modum

1915 1993 2058 2046 enim
2068 1994 2145 2048 rei
2157 1993 2407 2049 faciendae
2415 1995 2746 2066 exprimite—-
2757 1998 2934 2049 Ve‘aecla

1905 2077 2089 2142 pedum
2115 2116 2128 2138 ,
2172 2094 2515 2145 quaecumque
2565 2075 2933 2130 calceamenta.

1916 2152 2104 2224 virgil.
2141 2152 2355 2210 AEneid.
2386 2154 2498 2223 IV,
2532 2171 2598 2219 v,
2638 2155 2671 2208 8
2698 2194 2716 2221 ‚
2771 2155 2931 2207 Unum

1914 2234 2247 2299 exulapedem
2267 2235 2478 2297 viudin
2495 2232 2658 2300 VIII,
2671 2234 2703 2300 4
2714 2233 2790 2298 18,
2813 2234 2936 2305 Tyr-

1914 2311 2070 2362 rheno
2077 2313 2261 2378 pedum
2277 2314 2463 2364 vincla.
2484 2310 2818 2364 venantium
2831 2309 2934 2364 cal·

1915 2407 2037 2442 cens
2054 2398 2167 2441 erat
2183 2390 2451 2442 calleamus
2463 2429 2478 2447 ,
2504 2388 2645 2458 quali
2663 2388 2827 2442 etiam
2845 2387 2936 2441 ho·

1916 2464 1999 2519 die
2033 2476 2310 2520 venatores
2345 2466 2510 2519 Italici
2544 2470 2798 2531 unimur,
2830 2464 2936 2519 ad-

1916 2542 2171 2597 scendens
2200 2542 2266 2596 ad
2298 2543 2530 2598 mediam
2554 2545 2754 2597 tibiam.
2781 2544 2934 2598 Petris

1913 2621 2062 2676 scissa
2079 2632 2191 2675 erat
2217 2622 2395 2676 multis
2419 2621 2540 2677 locis
2561 2664 2576 2691 ,
2605 2622 2932 2693 habebatque

1914 2700 2172 2754 foramina
2183 2721 2276 2772 per
2287 2721 2402 2771 quae
2418 2700 2527 2754 lora
2540 2701 2934 2771 trajicerentur:

1917 2775 2032 2829 vide
2053 2772 2251 2846 Spanh.
2274 2775 2339 2830 ad
2358 2776 2566 2830 Catum.
2580 2775 2614 2828 d
2651 2777 2682 2829 l.
2699 2798 2829 2831 vers.
2849 2777 2933 2843 ιδ,

1916 2853 2004 2907 ubi
2032 2852 2205 2907 Diana
2229 2855 2421 2924 expetit
2440 2854 2535 2907 sibi
2562 2854 2749 2926 viginti
2777 2874 2936 2929 nym-

1915 2929 2042 3000 phas
2069 2930 2351 2984 Cretenses
2371 2973 2385 2997 ,
2423 2930 2610 3001 quibus
2638 2932 2933 2986 calceorum

1916 3028 2098 3061 curam
2123 3010 2418 3063 committat
2439 3031 2451 3073 ;
2477 3030 2601 3063 nam
2635 3012 2779 3065 inter
2801 3009 2938 3064 Cre-

1917 3097 2087 3141 tenses
2108 3098 2161 3141 et
2193 3087 2392 3140 inventi
2418 3097 2471 3139 et
2495 3088 2722 3142 maxitne
2757 3090 2811 3141 in
2838 3109 2934 3143 usu

1916 3175 2067 3218 erant
2100 3164 2390 3219 istiusmodi
2416 3165 2602 3230 calcei,
2640 3164 2838 3220 Graecis
2867 3171 2934 3220 ι’ν-

1919 3247 2130 3319 θρὸμιδες
2145 3243 2283 3297 dicti.
2310 3242 2397 3297 Sic
2417 3240 2608 3297 muniti
2626 3245 2788 3314 pedes
2803 3246 2936 3299 Dia-

1912 3342 1996 3378 11ae
2029 3325 2084 3378 in
2119 3324 2353 3395 Lipperti
2393 3320 2600 3396 Dactyl.
2634 3326 2660 3380 1
2687 3366 2703 3392 ,
2747 3343 2796 3392 1,
2832 3328 2929 3392 68,

1910 3394 2316 3471 conspiciuntur.
2333 3404 2622 3457 —Demere
2644 3414 2697 3458 et
2718 3409 2936 3458 adimere

1913 3482 2071 3536 verba
2087 3482 2140 3537 in
2158 3482 2254 3536 hac
2270 3503 2326 3536 re
2345 3483 2569 3554 propria.
2595 3484 2756 3555 Apud
2776 3485 2934 3539 Plau·-

1913 3569 2028 3613 tum
2061 3560 2286 3616 occurrit
2310 3579 2487 3614 soccos
2516 3560 2647 3614 item
2674 3565 2935 3633 compedes

1908 3645 2141 3695 adimere.
2174 3669 2242 3682 —
2271 3643 2482 3695 Cr'ocale
2498 3680 2513 3707 ,
2554 3642 2642 3695 ἆκὸ
2674 3654 2757 3696 τοῦ
2778 3668 2936 3719 κεκρυ-

1911 3721 2050 3791 φάλου
2070 3760 2086 3787 ,
2129 3718 2268 3789 quod
2303 3718 2480 3789 capitis
2511 3732 2890 3773 ornamentum
2914 3760 2934 3787 ,

1907 3800 2066 3853 latine
2097 3804 2355 3853 reticulum
2374 3842 2387 3860 ‚
2429 3818 2535 3868 quo
2558 3801 2733 3854 crines
2773 3799 2932 3855 cohi-

1907 3876 2183 3932 bebantur.
2214 3876 2278 3932 ld
2312 3877 2372 3949 11.Ι
2398 3877 2432 3931 l.
2470 3887 2523 3931 et
2559 3878 2750 3950 passim
2794 3877 2936 3949 apud

1908 3954 2093 4025 virgil.
2117 3958 2279 4010 nodus
2312 3966 2552 4019 vocatum
2578 3954 2929 4027 sormulaeque

1906 4032 2165 4087 solemnes
2200 4042 2358 4100 sunt,
2403 4034 2574 4088 crines
2608 4038 2747 4088 nodo
2782 4046 2836 4088 et
2871 4036 2932 4086 1⁰ae

1904 4116 2087 4165 nodum
2100 4116 2346 4181 colligere.
2365 4141 2432 4152 —
2446 4115 2658 4166 Ismenis
2672 4155 2687 4176 ,
2721 4111 2931 4167 Theba-

1904 4208 2005 4257 na,
2041 4188 2103 4243 ab
2139 4191 2354 4244 Ismeno
2390 4188 2583 4259 fluvio,
2623 4191 2714 4261 qui
2745 4202 2927 4245 tamen

1903 4266 2006 4321 hoc
2029 4288 2230 4323 nomen
2271 4268 2487 4322 demum
2523 4269 2721 4338 accepit
2745 4269 2809 4322 ab
2836 4268 2931 4324 l's-

1903 4364 2064 4399 meno
2100 4345 2415 4416 Amphionis
2451 4356 2504 4400 et
2545 4346 2742 4402 Niobes
2776 4345 2883 4399 mio
2907 4383 2930 4414 ,
