3217 5134
651 554 1712 627 METAMORPHOSEON
1773 555 1975 626 LIB.
2033 556 2095 624 Ι.

2330 555 2455 624 105

293 699 540 799 thue
571 695 754 772 leves
783 695 1048 799 stipnlae
1084 696 1326 772 demtis
1358 697 1715 773 adolentur
1748 697 1968 772 aristis
1994 725 2012 786 ;

301 818 413 888 Ut
445 813 706 888 facibus
741 840 933 914 sepes
967 811 1239 899 ardent,
1279 841 1444 913 quas
1475 812 1651 887 sorte
1684 813 1899 886 viator

299 928 443 1003 ‘Vel
468 928 679 1003 nimis
713 926 1038 1014 admovit,
1070 926 1172 1001 vel
1202 928 1337 1026 jam
1370 929 1498 1003 sub
1531 927 1680 1003 luce
1711 927 2020 1029 reliquit:

313 1045 432 1119 Sic
458 1046 647 1118 Deus
674 1043 748 1115 in
778 1041 1071 1117 flammas
1105 1042 1308 1131 abiit;
1344 1043 1438 1118 sic
1471 1061 1738 1146 pectore
1774 1060 1924 1117 toto

2358 1062 2459 1134 49⁵

308 1165 594 1251 Uritur,
632 1178 702 1234 et
734 1158 1026 1235 sterilem
1057 1160 1386 1261 sperando
1419 1161 1635 1235 nutrit
1667 1188 1979 1235 amorem.

314 1288 598 1388 Spectat
627 1284 978 1358 inornatos
1013 1281 1189 1356 collo
1221 1283 1509 1384 pendere
1536 1282 1855 1386 capillos:

313 1412 449 1496 Et,
495 1439 530 1472 «
575 1405 801 1504 Quid,
839 1407 897 1480 si
931 1409 1322 1481 comantur?
1363 1441 1398 1474 »
1428 1381 1524 1481 ait
1558 1436 1575 1482 :
1610 1406 1794 1480 videt
1824 1405 1976 1501 igne
2001 1402 2318 1478 micantes
2339 1457 2361 1493 ,

318 1530 677 1605 Sideribus
707 1528 989 1619 similae,
1025 1528 1260 1604 oculos
1292 1559 1309 1603 ε
1339 1530 1520 1605 videt
1549 1527 1816 1617 oscula3
1848 1555 1995 1629 quae
2027 1555 2167 1600 non

327 1658 463 1729 Est
492 1654 738 1729 vidisse
770 1654 931 1728 satis
966 1682 983 1726 ε
1016 1652 1248 1729 laudat
1282 1653 1666 1754 digitosque
1687 1708 1706 1741 ‚
1743 1678 2150 1752 manusque,

2373 1667 2475 1724 500

319 1779 740 1880 Brachiaque
759 1834 779 1867 ‚
817 1794 886 1853 et
915 1775 1139 1852 nudos
1167 1777 1385 1853 media
1413 1776 1568 1880 plus
1601 1793 1791 1879 parte
1823 1773 2129 1850 lacertos.

325 1990 439 2046 od.
481 2007 570 2044 vu
595 2028 611 2057 ,
654 1991 734 2045 28.
767 1988 878 2043 Sed
917 2008 1068 2043 amor
1098 1998 1318 2044 excecat
1335 2028 1353 2055 ,

327 2083 390 2126 ut
424 2071 705 2125 hominem
724 2110 739 2133 ,
776 2069 850 2122 ita
873 2079 926 2122 et
951 2069 1270 2139 Apollinem.

397 2152 516 2221 49²·
546 2150 1002 2202 Demos-..aristis
1037 2147 1242 2200 Eadem
1274 2146 1357 2200 si·-

325 2227 632 2283 militudine
654 2229 847 2282 amoris
864 2226 1202 2281 vehementia
1216 2226 1359 2281 illus-

328 2319 506 2361 tratur
525 2345 542 2374 ,
578 2305 659 2359 vl
677 2347 694 2374 ,
736 2307 849 2374 456.
872 2306 1064 2359 Ariste
1087 2306 1215 2361 olim
1236 2327 1360 2362 cum

328 2387 518 2456 exigua
548 2395 761 2439 tantum
796 2384 980 2437 calami
1013 2395 1160 2454 parte
1192 2389 1352 2449 demi,

327 2463 558 2518 resecari
573 2501 589 2530 ,
611 2462 891 2516 detonderi
907 2462 1146 2516 solebant
1169 2483 1200 2517 a
1220 2482 1365 2518 mes-

326 2541 570 2606 soribusg
609 2543 808 2609 sttpulae
839 2551 1019 2594 autem
1048 2541 1249 2596 adoleri
1274 2562 1364 2597 so-

332 2620 519 2674 lebant
565 2620 630 2673 ab
681 2620 916 2689 agricolis
941 2659 956 2686 ,
995 2629 1057 2672 ut
1097 2619 1220 2672 vitia
1254 2620 1364 2689 agri

331 2706 790 2766 excoquerentur:
810 2697 958 2767 Virg.
980 2694 1173 2767 Geor-g.
1202 2697 1229 2751 1
1249 2735 1265 2762 ,
1298 2698 1364 2751 85

331 2795 447 2846 sqq.
475 2776 686 2830 Lucret.
704 2777 777 2843 V,
799 2776 949 2842 1246,
981 2778 1266 2846 7.—-Levis
1286 2795 1366 2830 so·

332 2853 518 2909 lemne
528 2853 804 2924 epitheton
815 2854 1141 2925 stipularum.
1153 2856 1368 2908 —Ado-

332 2940 439 2990 lete
457 2954 572 2989 non
591 2944 801 2988 tantum
821 2934 878 2987 in
899 2935 1055 2989 sacris
1075 2936 1253 2989 locum
1275 2934 1367 2989 ha-

336 3012 465 3078 bet,
483 3022 545 3066 ut
559 3010 747 3065 Heins-
763 3021 935 3081 putat,
955 3011 1047 3066 sed
1062 3010 1334 3065 interdum
1347 3052 1364 3077 ,

341 3110 651 3162 quanquam
685 3091 843 3162 paulo
882 3090 1050 3145 rarius
1079 3132 1098 3160 ,
1144 3091 1370 3146 omnino

342 3180 423 3224 est
455 3188 695 3224 cremare
720 3189 734 3222 ε
761 3167 879 3222 vide
912 3170 1091 3241 Heyn.
1127 3169 1193 3223 ad
1217 3171 1368 3241 Virg.

344 3249 474 3303 AEn.
497 3264 555 3316 1,
586 3252 698 3318 704.
734 3249 1043 3313 Abolen!ur‚
1080 3250 1224 3318 quod
1246 3269 1370 3305 cum

343 3326 539 3381 eodem
555 3326 784 3380 Heinsio
798 3323 1025 3397 praesert'.
1038 3326 1226 3382 Burm-
1242 3367 1257 3395 ,
1286 3327 1374 3382 hic

345 3405 495 3459 nullo
517 3403 685 3457 modo
705 3404 835 3457 ferri
860 3414 1030 3474 potest
1047 3445 1063 3472 ,
1090 3407 1212 3474 qnia
1234 3405 1375 3459 simi·

343 3483 585 3538 litudinis
618 3482 777 3551 hujus
800 3484 936 3538 ratio
968 3494 1145 3554 aperte
1175 3483 1377 3555 flagitat

344 3564 576 3617 verbum
589 3601 606 3630 ‚
634 3562 720 3616 cui
742 3562 820 3617 vis
841 3565 1025 3616 urendi
1039 3563 1176 3617 insit.

413 3641 532 3714 493.
570 3645 737 3695 Forte.
768 3641 956 3694 Heius.
989 3640 1176 3695 suadet
1197 3646 1373 3705 nocte,

350 3732 412 3774 ut
427 3733 493 3793 τῷ
509 3724 607 3773 sub
622 3724 734 3773 luce
750 3720 1083 3791 respondeat.
1104 3720 1378 3791 Approbat

350 3799 541 3854 Burm.
553 3827 622 3840 —
635 3799 814 3853 Nostri
837 3798 1009 3853 codd.
1021 3799 1297 3868 RRsode,
1310 3828 1380 3841 —

358 3880 516 3931 Forte.
539 3879 768 3931 Veteres
788 3875 892 3929 iter
910 3895 1276 3946 sapenumero
1297 3877 1379 3929 sa·

358 3956 566 4010 ciebant
584 3965 748 4009 noctu
768 3976 782 4020 ς
810 3974 878 4008 ne
903 3955 1064 4025 igitur
1083 3974 1113 4008 a
1128 3956 1214 4010 via
1235 3954 1380 4008 aber·

358 4044 573 4100 tarent,
606 4035 895 4089 utebantur
918 4032 1116 4086 facibus
1140 4032 1381 4102 peculia-

355 4113 503 4167 ribus
527 4133 558 4168 e
581 4114 727 4185 ligno
749 4132 955 4184 querno
971 4152 987 4181 ,
1012 4115 1178 4189 γάὸμα
1197 4112 1383 4168 Graece

355 4190 537 4256 dictis,
564 4211 695 4260 quas
715 4191 940 4245 viatores
957 4191 1038 4245 vel
1059 4189 1383 4259 negligentes

358 4271 526 4340 (quod
552 4271 748 4326 indicat
771 4271 825 4325 h.
849 4271 884 4324 l.
909 4269 1172 4340 risorie),
1196 4271 1279 4324 vel
1299 4289 1386 4341 pe·

357 4348 590 4405 tutante·
617 4348 893 4406 interdum
915 4347 1268 4404 admovebant
1288 4367 1385 4403 se·-

1452 1990 1603 2061 pibus
1622 2029 1638 2055 ,
1664 1999 1753 2043 aut
1776 1987 1936 2042 etiam
1963 1985 2208 2040 ardentes
2228 1984 2325 2038 sub
2355 1984 2475 2037 luce

1454 2066 1770 2134 abjiciebant
1792 2105 1808 2132 ,
1854 2063 2001 2117 unde
2033 2082 2170 2133 sape
2207 2060 2475 2116 incendia.

1458 2142 1544 2197 cf.
1564 2144 1704 2197 Fast-
1731 2142 1840 2207 lv,
1872 2142 1997 2210 1673
2022 2151 2079 2195 et
2103 2139 2224 2193 vide
2254 2137 2478 2193 Casaub.

1457 2219 1521 2272 ad
1543 2219 1765 2273 Sueton.
1794 2216 1929 2272 Caes.
1952 2217 2034 2273 31.

1523 2300 1636 2372 496.
1659 2302 1885 2353 Sten'lem
1888 2336 1984 2352 ......
2020 2317 2254 2352 amorem.
2285 2297 2484 2350 Stetilis

1456 2399 1603 2433 amor
1615 2379 1885 2450 eleganter
1899 2418 1915 2447 ,
1939 2379 2025 2433 cui
2046 2375 2158 2431 non
2179 2374 2481 2447 responde-

1458 2473 1577 2526 tur,
1622 2461 1848 2532 quinon
1883 2460 2047 2537 gignit
2074 2460 2250 2513 alium.
2281 2456 2397 2537 Qui
2423 2456 2484 2509 in

1458 2562 1641 2597 amore
1669 2552 1778 2596 tam
1798 2541 1981 2595 infelix
1998 2549 2079 2595 est
2098 2578 2114 2608 ,
2140 2538 2340 2596 Grecis
2367 2538 2484 2591 ἄνα-

1461 2626 1693 2693 γρόθιτος,
1718 2621 1917 2676 Latinis
1934 2626 2226 2674 &uenustus
2239 2619 2484 2687 (Terent.

1461 2700 1635 2754 Andr.
1661 2701 1719 2768 1,
1751 2717 1815 2767 v,
1846 2697 1935 2768 ιο)
1958 2697 2164 2751 dicitur.

1525 2784 1639 2853 498.
1669 2782 1849 2849 Quid?
1868 2784 2205 2838 sicomautut,
2222 2774 2483 2830 suaviter!

1459 2885 1528 2898 —
1568 2861 1721 2912 Vide!
1749 2862 1867 2925 igne
1893 2861 2154 2909 micantes.
2188 2853 2346 2909 Oculi
2373 2857 2489 2921 igne

1462 2942 1711 2989 mik-antes
1730 2934 1788 2988 in
1812 2934 2071 3006 precipua
2094 2943 2242 3004 parte
2266 2930 2490 3001 pulchri·

1464 3012 1679 3068 tudinis.
1694 3013 1889 3067 Anacr.
1906 3010 2020 3067 od.
2037 3027 2217 3065 xxvm
2235 3050 2252 3078 ,
2277 3012 2337 3064 18
2355 3049 2371 3078 ,
2394 3009 2489 3063 ubi

1465 3094 1602 3147 oculi
1627 3095 1805 3157 ἆληθῶς
1828 3095 1915 3149 ἆπό
1938 3097 2084 3169 rupeis.
2109 3091 2182 3145 Et
2197 3091 2332 3148 ,tales
2350 3088 2493 3146 oculi

1464 3190 1590 3226 cum
1598 3174 1849 3225 sideribus
1862 3170 2155 3241 comparari
2164 3169 2354 3235 solent,
2369 3168 2497 3222 Am.

1470 3249 1576 3318 Ill,
1601 3267 1690 3317 111,
1716 3252 1978 3323 9.—·Igne
1989 3253 2248 3302 meantes.
2268 3247 2492 3316 Schrep-

1467 3348 1578 3400 per.
1603 3328 1704 3400 leg.
1721 3333 1839 3397 igne
1859 3334 2061 3383 πίσσια.
2080 3326 2334 3381 Francius
2356 3365 2372 3394 ,
2408 3328 2463 3380 V
2454 3329 2494 3378 i-

1467 3411 1555 3461 det
1568 3412 1685 3475 igne
1697 3412 1929 3461 παὶ-σιτία.

1534 3488 1907 3558 499Sidenbus
1913 3486 2108 3538 selm’les
2114 3486 2306 3538 oculos.
2317 3481 2497 3536 Hein-

1469 3564 1575 3619 sius
1595 3565 1735 3634 conj.
1756 3568 2005 3618 sideribus
2029 3566 2330 3630 similesque.
2353 3561 2497 3614 Bur-

1472 3662 1675 3696 manno
1704 3642 1903 3712 placet,
1942 3638 2085 3711 quod
2120 3640 2180 3692 in
2213 3658 2324 3692 uno
2360 3639 2496 3693 Lei-

1474 3720 1620 3773 dens.
1636 3730 1734 3786 est,
1747 3722 2089 3789 sideribusque
2100 3721 2275 3773 oculos
2291 3720 2502 3773 similes.

1476 3799 1657 3855 Nostri
1702 3799 1875 3854 Codd.
1925 3799 2046 3854 RB.
2093 3799 2353 3869 vulgatam
2389 3796 2499 3850 ba-

1475 3877 1603 3933 bent
1623 3900 1637 3944 ;
1658 3888 1714 3932 et
1736 3877 1947 3932 inutiles
1964 3887 2091 3932 sunt
2108 3875 2426 3950 Schrepperi
2445 3885 2501 3929 et

1478 3956 1689 4012 Heinsii
1708 3957 2043 4025 coniectura.

1545 4036 1661 4087 5οι.
1688 4036 1766 4087 Et
1781 4037 1944 4087 nudos
1965 4036 2198 4087 lacertos.
2238 4030 2504 4104 Nympha

1477 4110 1712 4166 Dianam
1734 4111 2048 4165 comitantes
2078 4128 2273 4164 manus
2291 4119 2347 4163 et
2369 4110 2504 4164 bra-

1479 4189 1597 4244 chia
1623 4190 1686 4244 ad
1711 4189 1962 4244 humeros
1984 4208 2151 4259 usque
2175 4190 2315 4242 nuda
2337 4188 2505 4243 babe-

1479 4267 1613 4322 bant
1637 4287 1651 4322 2
1682 4267 1983 4323 Philostrat.
2009 4267 2155 4322 leon.
2190 4287 2241 4338 p.
2277 4268 2391 4323 868.
2430 4267 2506 4321 Et

1481 4348 1558 4406 sic
1571 4347 1762 4406 Diana
1774 4348 1938 4406 etiam
1946 4347 2147 4422 effigies
2157 4367 2394 4419 expressa
2402 4366 2513 4405 cer-
