3217 5134
749 544 836 610 58

1314 549 1392 613 P.
1446 549 1802 620 0V1D11
1853 551 2053 623 NAS
2080 554 2324 627 ONIS

748 679 1070 759 Nondum
1106 712 1269 761 caesa
1295 687 1466 776 suiS‚
1503 692 1930 792 peregrinum
1961 714 2040 770 ut
2069 697 2312 773 viseret
2341 700 2607 793 orbem,

749 798 1139 890 Montibus,
1172 801 1244 875 in
1275 802 1563 905 liquidas
1597 808 1799 909 pinus
1834 811 2261 888 descenderat
2288 816 2504 892 undas
2532 847 2548 907 ;
2820 842 2891 911 95

746 913 1077 1016 Nullaque
1111 919 1423 996 mortales
1442 978 1463 1010 ‚
1499 942 1743 1024 praeter
1776 954 1929 1016 sua,
1964 927 2164 1005 litora
2195 950 2460 1008 norant.
2523 964 2548 983 ·

745 1031 1064 1107 Nondum
1097 1038 1469 1139 praecipites
1504 1040 1866 1139 cingebant
1895 1045 2146 1146 oppida
2180 1045 2413 1123 fossae:

747 1149 903 1222 Non
938 1151 1100 1225 tuba
1132 1152 1363 1229 directi
1383 1212 1404 1241 ‚
1444 1186 1582 1231 non
1614 1158 1759 1234 aeris
1795 1188 2045 1236 cornua
2076 1162 2260 1252 flexi,

746 1266 905 1339 Non
939 1266 1166 1363 galeas,
1202 1298 1344 1345 non
1378 1264 1586 1362 ensis»,
1622 1293 1850 1351 erant:
1878 1278 2019 1353 sine
2053 1279 2287 1356 militis
2319 1310 2448 1356 usu

652 1390 657 1399 ‘
743 1380 986 1456 Mollia
1019 1410 1260 1460 securae
1293 1390 1701 1488 peragebant
1733 1392 1870 1468 otia
1900 1413 2151 1491 gentes.

2793 1441 2890 1476 too

745 1500 903 1601 Ipsa
935 1530 1203 1605 quoque
1235 1502 1582 1596 immunis»,
1611 1528 1959 1615 rastroque
1995 1516 2273 1606 intacta,
2310 1544 2432 1593 nec
2463 1516 2620 1593 ullis

810 1675 892 1744 94.
921 1675 1157 1729 Nondum
1180 1695 1315 1729 caesa
1339 1682 1462 1731 suit.
1504 1677 1589 1734 Cs.
1620 1680 1768 1753 Virg.

750 1749 864 1804 Ecl.
894 1768 955 1803 ιν
972 1790 988 1817 ,
1013 1752 1219 1819 32-38;
1253 1753 1428 1810 Tibul.
1454 1756 1481 1809 1
1499 1796 1515 1823 ,
1545 1773 1643 1825 111,
1668 1759 1773 1831 37—

749 1831 831 1897 40.
873 1829 1148 1901 Navigatio
1167 1851 1395 1887 summae
1415 1852 1587 1889 auree
1607 1838 1772 1893 etatis

746 1908 1062 1979 simplicitati
1098 1922 1152 1965 et
1182 1911 1470 1983 integritati
1502 1934 1614 1969 non
1651 1917 1772 1972 satis

745 1988 1034 2042 convenire
1064 1989 1341 2045 videbatur
1358 2031 1374 2059 ,
1418 1994 1609 2063 partim
1649 1996 1772 2065 quia

746 2066 973 2120 maxime
994 2079 1220 2137 quaestus
1234 2088 1387 2124 causa
1405 2071 1643 2127 instituta
1662 2084 1769 2142 est,

748 2144 941 2213 partim
968 2146 1088 2215 quia
1111 2146 1395 2202 bominum
1416 2150 1580 2204 vitam
1604 2152 1661 2205 in
1686 2153 1772 2206 ul·-

746 2223 877 2276 tima
904 2224 1132 2294 pericula
1161 2226 1375 2295 conjicit
1394 2268 1409 2294 ,
1448 2239 1604 2299 atque
1636 2229 1770 2284 adeo

745 2301 1005 2354 voluntati
1029 2300 1221 2358 divina
1248 2323 1544 2375 repugnare
1570 2306 1769 2362 crede-

748 2378 919 2434 batur.
945 2381 1187 2449 Propert.
1207 2382 1318 2444 Ill,
1346 2382 1427 2436 El.
1446 2401 1484 2433 v
1499 2423 1515 2452 ‚
1542 2387 1601 2452 4¹
1626 2404 1739 2455 sqq.

813 2459 896 2529 95.
921 2459 1112 2532 Pinus,
1137 2459 1342 2530 lignum
1357 2461 1650 2515 resinosum
1666 2503 1681 2529 ,
1712 2464 1770 2517 in

747 2533 928 2604 primis
965 2544 1084 2605 apta
1106 2535 1398 2591 habebatur
1431 2539 1649 2613 navigiis
1682 2541 1772 2593 sa-

748 2611 945 2666 ciendis
962 2616 1112 2678 auis,
1132 2614 1227 2668 sibi
1242 2615 1306 2668 ab
1323 2617 1430 2686 ipsa
1448 2628 1638 2672 natura
1658 2620 1773 2674 assi·

749 2691 917 2762 gnatis
927 2710 940 2743 :
946 2697 1259 2760 peregrinum
1270 2697 1453 2757 orbem,
1470 2697 1712 2768 peregrin
1720 2717 1773 2751 as

752 2781 931 2825 terras.
965 2773 1116 2826 Orbis·
1134 2792 1270 2844 sepe
1294 2794 1412 2844 pars
1435 2776 1575 2830 orbis
1600 2785 1772 2830 terra-

750 2867 875 2902 rum
893 2889 909 2917 ,
943 2859 1003 2902 ut
1027 2849 1114 2917 ΙΙ,
1155 2854 1285 2919 254,
1311 2852 1437 2918 32a;
1465 2852 1633 2908 Tacit.
1669 2854 1773 2909 An.

752 2926 829 2997 11,
847 2949 892 2982 2.
905 2931 1345 2985 -Descenderah
1363 2932 1562 2989 Statius
1575 2934 1668 2990 Sil.
1695 2936 1771 3003 11,

600 3018 670 3067 ν·
753 3026 784 3058 2
803 3046 820 3072 ,
855 3006 889 3059 6
911 3046 928 3074 ,
968 3009 1032 3062 28
1054 3027 1067 3061 ε
1087 3013 1279 3063 sinaitas
1299 3012 1486 3081 dejeci!
1502 3017 1559 3065 in
1576 3033 1776 3083 equora

740 3089 915 3150 pinus.
938 3110 1008 3125 ·-
1030 3087 1278 3155 Liquido-r
1294 3127 1309 3151 ‚
1342 3089 1502 3158 epith.
1526 3110 1737 3146 ornans.

819 3182 1041 3235 97-100.
1064 3168 1298 3220 Nondum
1310 3174 1609 3239 precipites.
1631 3172 1776 3224 Non·

752 3240 885 3294 dum
930 3241 1065 3297 bella
1114 3245 1446 3313 gerebantur.
1507 3245 1777 3304 vivebant

756 3324 927 3388 ἥσυχοι
943 3359 959 3384 ,
983 3339 1107 3390 pace
1124 3321 1376 3378 fruentes.
1400 3324 1619 3378 Hesiod.
1636 3342 1772 3381 vers.

758 3417 884 3463 ¹²03
922 3399 1097 3453 Tibul.
1122 3399 1180 3467 Ι,
1206 3416 1313 3469 111,
1348 3404 1409 3474 47
1429 3421 1443 3455 τ
1465 3404 1581 3459 Non
1600 3410 1772 3468 actes,

750 3496 853 3531 non
877 3482 958 3531 im
978 3478 1121 3547 fuit,
1160 3498 1263 3533 non
1285 3483 1454 3545 bella,-
1487 3501 1581 3535 πει·
1607 3503 1775 3537 ensem

749 3558 949 3612 tumre·
967 3576 1130 3610 sanus
1150 3561 1367 3612 duxerat
1377 3561 1685 3630 adesabem·
1714 3563 1771 3627 I,

749 3650 786 3687 x
803 3673 819 3700 ,
843 3653 910 3709 9:
940 3637 1056 3688 Non
1069 3654 1214 3689 arces
1228 3678 1241 3697 ‚
1263 3657 1362 3691 non
1383 3642 1555 3692 vallus
1572 3647 1696 3693 erat.
1710 3668 1777 3681 —

752 3714 1044 3780 Placebit&
1059 3754 1071 3775 ,
1104 3714 1394 3783 profunda.

818 3792 900 3864 98.
947 3792 1092 3846 Tubu
1113 3795 1297 3847 directi
1309 3799 1449 3857 aenlr,
1478 3797 1604 3850 tuba
1632 3809 1776 3851 recta

754 3886 818 3921 ex
839 3886 957 3923 are.
984 3868 1213 3923 Juvenal
1242 3871 1326 3937 11,
1358 3893 1447 3943 1¹7
1464 3911 1479 3939 ,
1501 3881 1635 3927 recto
1651 3894 1776 3929 can-

674 3974 693 4007 ,1
754 3952 953 4000 lavem!
991 3967 1100 4001 em.
1166 3975 1234 3988 —
1269 3951 1416 4004 Tube
1458 3953 1645 4005 directi
1675 3964 1773 4008 etc.

756 4024 909 4078 Tuba
939 4026 1177 4096 peditum
1202 4067 1216 4095 ,
1257 4038 1312 4081 et
1335 4039 1414 4083 est
1435 4027 1631 4084 directa
1655 4050 1669 4085 ε
1697 4031 1774 4084 Ιί-

753 4111 875 4155 tuus
898 4104 1139 4173 equitum
1167 4106 1447 4171 incurvus;
1488 4108 1677 4162 Horat.
1705 4108 1731 4162 1
1755 4148 1771 4176 ,

760 4176 939 4233 Carm.
954 4198 976 4235 1
995 4221 1011 4248 ,
1038 4184 1101 4235 23
1114 4223 1130 4250 ‚
1156 4192 1211 4236 et
1228 4186 1356 4238 lituo
1366 4188 1774 4253 tubaepemmns

751 4262 963 4311 sonitus.
994 4260 1097 4314 Ed.

828 4358 935 4393 roo.
984 4341 1187 4394 Gentes.
1225 4342 1412 4398 Heins.
1452 4345 1771 4413 approbante

1867 1685 2054 1742 Burm.
2074 1708 2136 1743 ex
2153 1706 2263 1744 uno
2285 1690 2520 1747 Gronov.
2537 1693 2735 1747 invexit
2751 1712 2888 1746 men·

1866 1772 1975 1829 les,
2002 1768 2126 1839 quia
2154 1768 2399 1824 homines
2423 1779 2540 1824 tum
2561 1770 2804 1824 nondum
2828 1772 2887 1824 in

1864 1852 2038 1914 gentes
2057 1845 2418 1902 discesserint:
2437 1847 2541 1902 vid.
2561 1859 2671 1903 not.
2695 1870 2799 1903 ιω.
2819 1878 2890 1890 -

1875 1925 2065 1977 Gentes
2105 1927 2343 1980 revocavi
2379 1967 2394 1993 ,
2445 1927 2567 1996 quia
2601 1938 2656 1981 et
2696 1927 2887 1983 Senec.

1869 2003 2143 2078 Hippolyt.
2192 2007 2429 2077 527-536
2447 2047 2463 2074 ‚
2507 2008 2596 2062 ubi
2640 2017 2886 2063 nostrum

1866 2081 2043 2136 locum
2061 2093 2183 2137 ante
2201 2083 2376 2137 oculos
2399 2084 2583 2139 babuit
2601 2125 2617 2153 ,
2637 2093 2811 2154 genles
2832 2096 2889 2139 et

1856 2164 2073 2228 populos
2100 2180 2271 2214 aureae
2304 2162 2440 2216 aetati
2470 2163 2667 2218 tribuit.
2708 2163 2888 2217 Etiam

1868 2237 2014 2309 Virg.
2035 2239 2161 2293 AEu.
2181 2240 2339 2307 vm,
2367 2239 2463 2292 325
2483 2259 2497 2293 :
2514 2242 2888 2311 Satur-nusph-

1863 2317 1984 2368 ce‘da
2014 2318 2228 2385 populos
2256 2322 2311 2368 t'a
2330 2335 2464 2382 pace
2495 2322 2709 2385 regebat.
2741 2318 2803 2372 In
2810 2319 2888 2373 fra

1863 2411 1995 2447 vers.
2028 2395 2126 2468 339
2144 2435 2159 2461 ,
2194 2396 2372 2450 statim
2396 2408 2513 2466 post
2534 2408 2887 2453 restauratum

1865 2490 2032 2542 genus
2067 2470 2363 2527 humanum
2388 2480 2575 2543 popule·
2590 2481 2888 2531 novicum-

1864 2562 2248 2607 memorantur.
2297 2553 2362 2606 In
2411 2552 2489 2606 his
2535 2553 2748 2624 pluralis
2790 2574 2888 2625 pro

1863 2629 2049 2701 singul.
2067 2658 2133 2670 ·--
2147 2632 2405 2684 Secun'las
2427 2630 2512 2685 ina
2531 2634 2594 2686 ab
2619 2633 2888 2687 invasione

1866 2706 2040 2761 hostili
2066 2708 2333 2779 turbisque
2358 2708 2655 2764 domesticis
2677 2751 2692 2778 ,
2727 2729 2889 2765 com·-

1867 2796 2197 2840 memoratur
2241 2796 2295 2839 et
2334 2786 2399 2839 ab
2438 2787 2565 2842 aliis.
2608 2787 2788 2844 Sever.
2831 2790 2886 2843 in

1870 2863 2034 2917 AEtna
2047 2904 2063 2932 ‚
2088 2882 2221 2919 vers.
2240 2883 2301 2938 9:
2319 2866 2495 2918 Aurea
2506 2872 2793 2935 secut-iqui:
2809 2887 2890 2921 ne-

1865 2949 1973 2996 scit
1989 2946 2164 2996 secula
2178 2948 2309 3011 reges
2328 2944 2359 2997 ,Ρ
2377 2943 2552 2997 Tibul.
2566 2943 2617 2999 d.
2638 2944 2673 3000 l.
2692 2965 2705 3000 :
2725 2947 2890 2999 Ultro·

1866 3021 2202 3089 quest-rebant
2223 3022 2387 3074 Obvia
2401 3026 2593 3075 securis
2608 3027 2761 3077 ubera
2780 3028 2891 3077 lac-

1868 3105 1937 3153 tis
1959 3119 2094 3153 oves.
2131 3098 2337 3153 Eadem
2369 3110 2424 3153 et
2447 3100 2761 3155 fruebantur
2782 3122 2888 3172 pe-

1868 3180 2041 3234 cudes.
2084 3179 2235 3233 Idem
2258 3179 2283 3233 Ι
2304 3219 2319 3247 ,
2363 3197 2397 3233 x
2417 3219 2433 3246 ,
2472 3201 2519 3254 9.
2560 3180 2692 3235 Inde
2716 3186 2893 3235 mollia

1867 3264 1975 3313 olla
1985 3300 1998 3321 ‚
2020 3278 2117 3328 pax
2132 3256 2378 3327 jucunda.
2394 3257 2890 3328 Virgffllacidaepax.

1939 3357 2049 3391 101.
2091 3339 2216 3405 Ipsa
2237 3356 2426 3407 quoque
2446 3343 2695 3392 immunes.
2723 3338 2891 3392 Non-

1870 3414 2002 3468 dum
2028 3414 2358 3484 agricultura.
2387 3415 2606 3469 Hesiod.
2633 3431 2768 3470 vers.
2797 3416 2889 3469 118

1870 3512 1980 3563 sqq.
2004 3511 2017 3546 t
2040 3497 2220 3569 Καρτόν
2261 3493 2307 3547 6⁰
2335 3498 2457 3570 fffpt
2486 3500 2702 3570 gu'ffloepog
2725 3497 2892 3570 ἄρουρα
2936 3468 3010 3533 w

1867 3576 2111 3643 Δῦτομᾶτη
2138 3578 2296 3628 πολλῶν
2328 3599 2375 3629 τε
2400 3583 2479 3630 καὶ
2503 3577 2702 3645 ἄφθονον.
2729 3577 2856 3642 Ipsa
2871 3616 2890 3639 ,

1868 3670 1962 3706 sua
1982 3662 2169 3723 sponte
2193 3672 2207 3706 ε
2228 3651 2332 3706 vid.
2359 3652 2571 3706 Ernesti
2599 3650 2746 3707 Clav.
2774 3651 2891 3708 Cic.

1868 3729 1920 3784 h.
1945 3749 1993 3784 v.
2016 3748 2138 3783 mox
2152 3750 2250 3799 per
2262 3750 2347 3794 se,
2389 3742 2447 3783 vt
2473 3730 2537 3786 δι’
2561 3734 2720 3786 ἑαυτοῦ
2733 3770 2747 3798 ,
2784 3750 2892 3784 eo-

1870 3805 1996 3861 dem
2011 3808 2151 3863 redit
2168 3828 2180 3862 :
2209 3808 2310 3862 vid.
2339 3807 2586 3862 Curtium
2601 3808 2666 3862 ad
2680 3807 2895 3862 Sallust.

1870 3885 1993 3956 Jug.
2013 3902 2070 3938 nt
2089 3926 2105 3953 ,
2121 3886 2203 3940 62.
2225 3887 2403 3941 Etiam
2422 3886 2570 3959 Virg.
2586 3885 2780 3958 Georg.
2804 3888 2889 3956 11,
2943 3922 2966 3941 κ

1876 3983 1966 4017 10:
1989 3967 2115 4033 Ipsa
2130 3985 2228 4034 per
2248 3984 2320 4019 se.
2342 3993 2409 4007 —
2429 3967 2671 4021 Immanis
2690 3971 2715 4032 ,'
2728 3985 2895 4020 vacua

1871 4063 1900 4096 a
1918 4045 2159 4114 miseriis,
2180 4046 2369 4108 ἀπαθής.
2381 4044 2646 4115 Expressit
2665 4044 2892 4100 Homer.

1872 4120 1981 4178 Od.
1995 4138 2040 4175 11
2056 4163 2071 4191 ,
2102 4143 2224 4197 109,
2245 4122 2335 4176 ubi
2354 4133 2495 4176 terra
2517 4123 2699 4177 omnia
2713 4127 2896 4199 ἄσπαρ-

1870 4226 1930 4257 τα
1967 4210 2046 4256 καὶ
2096 4203 2292 4279 &viperae
2326 4201 2542 4271 profert.
2586 4230 2653 4244 —
2683 4203 2894 4254 Rastro-

1870 4279 2018 4350 Virg.
2046 4278 2184 4333 Eetz
2207 4281 2324 4332 Non
2346 4287 2536 4333 raslms
2554 4284 2784 4346 patietur
2794 4282 2895 4331 lm-
2951 4294 2960 4301 ·

1872 4378 1999 4413 mus.
2021 4387 2088 4400 —
2111 4361 2355 4413 Rostrum
2367 4399 2383 4425 ,
2411 4358 2773 4429 ponderosum
2794 4358 2896 4412 in·-
