3217 5134
764 545 854 611 88
1343 544 1420 610 Ρ.
1473 544 1840 615 OVIDII
1886 546 2339 619 NASONIS

761 680 1032 756 Mulcet
1062 710 1268 783 aquas
1296 702 1517 757 rector
1546 684 1771 785 pelagi
1804 716 1821 759 ε
1856 715 2188 788 supraque
2218 687 2631 788 profundum
2696 693 2701 698 ’

761 799 1156 872 Exstantem
1176 854 1195 886 ‚
1237 817 1436 900 atque
1466 800 1782 876 humeros
1816 802 2045 878 innato
2079 803 2330 878 murice
2360 822 2646 894 tectum,

763 913 1134 989 Caeruleum
1165 915 1448 990 Tritona
1480 936 1714 1006 vocat,
1754 917 2159 1018 conchaeque
2193 920 2421 994 sonaci

765 1030 1098 1130 Inspirare
1129 1030 1361 1129 juben
1395 1031 1772 1135 fluctusque
1812 1050 1879 1107 et
1910 1033 2181 1108 flumina
2208 1035 2404 1130 signo

762 1148 914 1221 Jam
946 1175 1247 1222 revocare
1284 1148 1440 1222 dato
1471 1179 1488 1222 ε
1517 1177 1674 1224 cava
1710 1150 1995 1225 buccina
2029 1150 2315 1225 sumitur
2349 1150 2448 1226 illi
2806 1172 2911 1225 335

764 1353 1072 1414 spectantur
1094 1352 1154 1396 ut
1178 1342 1384 1407 milites.
1406 1373 1473 1386 --
1503 1345 1556 1397 T
1544 1347 1795 1412 rz'cuspio'e

769 1424 899 1487 telo,
927 1419 1156 1475 tridente
1176 1439 1189 1473 :
1207 1420 1384 1474 Valet.
1405 1421 1546 1475 Flac.
1569 1423 1594 1476 1
1618 1460 1634 1487 ‚
1660 1421 1758 1487 642
1774 1461 1789 1489 ,

771 1499 940 1566 infida
961 1500 1144 1561 hasla5
1176 1497 1394 1551 Anthol.
1421 1498 1530 1564 IV,
1564 1517 1675 1566 cap.
1703 1514 1792 1563 11,

775 1577 953 1646 Epigr.
968 1577 1034 1643 64
1053 1616 1068 1642 ,
1091 1583 1283 1653 τριὸιλὶς
1301 1582 1419 1651 δόρυ·
1437 1596 1516 1646 ap.
1534 1575 1794 1649 Lycophr.

769 1673 844 1707 vs.
860 1654 946 1726 96,
966 1664 1160 1706 terram
1176 1653 1402 1723 percutit
1426 1658 1666 1729 τριωνύχῳ
1685 1661 1794 1730 ὥρι’.

838 1731 954 1784 33ι.
975 1734 1193 1795 Mulcel,
1220 1742 1426 1785 coercet
1442 1750 1600 1800 aquas
1617 1751 1629 1783 z
1648 1732 1794 1802 Virg.

774 1810 988 1867 AEneid.
1024 1812 1080 1876 I,
1119 1815 1214 1882 57,
1254 1811 1438 1864 AEotus
1473 1815 1639 1864 mollit
1668 1817 1796 1865 ani—

773 1910 883 1944 mos
903 1901 1185 1944 ventorum
1202 1911 1214 1952 3
1234 1890 1406 1943 eidem
1425 1890 1638 1959 Jupiter
1651 1888 1799 1943 dedit

775 1974 991 2024 mulcere
995 1971 1213 2038 fluctus,
1243 1968 1309 2022 ib.
1334 1988 1464 2022 vers.
1483 1967 1566 2022 66.

841 2054 956 2108 332.
981 2056 1165 2106 lunato
1183 2057 1381 2105 munke.
1396 2051 1652 2122 Ingenitis
1674 2069 1801 2103 mu-

776 2131 971 2186 ricibus
995 2130 1076 2183 vel
1095 2141 1369 2200 gerentem
1392 2130 1625 2185 humeris
1637 2129 1798 2198 iuge-

771 2208 912 2262 nitos
921 2208 1018 2261 sibi
1044 2207 1270 2261 murices
1292 2217 1347 2260 et
1370 2206 1610 2259 conchas.
1633 2209 1733 2259 Ed.

842 2289 956 2341 333.
985 2289 1261 2341 Caerulcum
1293 2288 1515 2338 Tritona.
1549 2288 1798 2340 Caemleos

775 2366 1087 2422 concinnius
1118 2367 1185 2419 sit
1211 2377 1271 2419 ut
1302 2365 1366 2417 ad
1391 2368 1622 2418 humeros
1647 2365 1798 2418 rese-

777 2455 943 2498 ratur.
967 2446 1072 2496 Ed.
1089 2471 1157 2483 -
1181 2444 1404 2494 Tn‘loaa.
1433 2442 1688 2511 Receptui
1710 2459 1801 2494 ca-

778 2521 860 2574 nit
895 2523 1100 2581 Triton,
1138 2519 1374 2588 Neptuni
1400 2518 1535 2570 silius
1568 2530 1624 2570 et
1645 2518 1799 2568 tubi-

777 2620 879 2655 cen
899 2640 915 2667 ‚
942 2600 1032 2670 qui
1055 2601 1287 2654 buccina
1309 2600 1424 2653 loco
1448 2602 1691 2653 concham
1713 2599 1800 2652 ha-

775 2683 886 2748 het,
904 2679 1187 2750 etquidem
1201 2683 1431 2740 loe-Idem,
1446 2685 1501 2733 In
1514 2683 1670 2732 lolam
1686 2689 1799 2732 e‘tc.:

781 2760 834 2814 h.
862 2779 907 2813 e.
945 2778 1062 2829 quoe
1085 2759 1149 2812 ab
1188 2759 1297 2810 imo
1336 2768 1518 2824 acuta,
1550 2757 1801 2827 paulatim

783 2840 846 2895 fit
878 2840 1063 2906 latior,
1097 2838 1334 2892 velutiae
1369 2838 1424 2890 in
1460 2855 1654 2909 gyrum
1678 2847 1801 2889 tor-

783 2918 999 2989 quendo
1019 2937 1031 2971 ε
1048 2920 1193 2971 turbo
1207 2917 1353 2992 enim
1374 2914 1631 2985 quidquid
1645 2954 1660 2980 ‚
1682 2916 1803 2968 coni

781 2999 948 3052 instar
964 3035 980 3062 ‚
1007 2997 1072 3050 ab
1087 2997 1199 3049 imo
1222 3005 1433 3049 acutum
1451 3034 1465 3061 ,
1492 3003 1544 3046 et
1568 2994 1625 3046 in
1644 3011 1802 3046 sum-

784 3094 878 3130 mo
909 3075 1062 3128 latius
1096 3085 1190 3128 est.
1225 3073 1382 3127 Tales
1404 3067 1620 3126 concha
1642 3071 1803 3125 etiam

790 3152 947 3208 hodie
975 3161 1231 3206 vocantur
1260 3155 1680 3205 Tn‘lonsboemer.
1697 3152 1805 3205 Iis—

786 3229 910 3284 dem
936 3242 990 3283 et
1020 3229 1148 3282 olim
1172 3228 1296 3282 Indi
1322 3228 1662 3282 buccinarum
1688 3229 1805 3282 loco

788 3307 1077 3361 utebantur
1107 3325 1121 3358 ε
1151 3304 1252 3357 vid.
1291 3304 1549 3358 Mullerus
1572 3303 1637 3357 ad
1666 3303 1807 3358 Lin-

788 3387 878 3440 nei
899 3385 1141 3458 Systema
1166 3384 1312 3449 Nat„
1339 3393 1467 3435 tom.
1491 3379 1575 3436 VI
1594 3423 1609 3450 ,
1634 3402 1685 3452 p.
1714 3402 1805 3436 toa

789 3474 844 3519 et
869 3467 984 3517 515.
1014 3463 1129 3533 Ipse
1154 3461 1347 3515 Triton
1371 3461 1443 3514 ita
1465 3470 1647 3514 natare
1671 3461 1811 3514 sole-

790 3542 910 3608 bat,
935 3553 997 3595 ut
1020 3540 1239 3595 inferior
1262 3539 1493 3609 corporis
1519 3557 1666 3607 pars,
1692 3558 1808 3610 qua,-

790 3621 986 3691 piscem
1007 3618 1295 3684 referebat,
1318 3617 1415 3671 sub
1436 3635 1568 3687 aqua
1590 3617 1805 3684 lateret,

792 3698 1032 3767 superior
1083 3706 1264 3750 autem
1311 3714 1465 3764 supra
1502 3695 1809 3764 profimdutn

791 3782 1027 3830 κείαν-91.
1063 3777 1278 3828 Humen'
1304 3774 1424 3827 tecti
1449 3784 1602 3827 erant
1631 3778 1809 3828 abacto

790 3859 990 3907 marthe.
1011 3853 1202 3922 Quum
1224 3871 1396 3904 naret
1414 3869 1580 3920 genus
1594 3851 1809 3906 concha

792 3932 859 3985 sit
877 3969 891 3997 ,
916 3931 1068 3999 cujus
1085 3949 1152 3982 ex
1165 3927 1419 3998 sanguine
1441 3946 1672 3998 purpura
1687 3946 1809 3981 con·

790 4009 1069 4073 ficeretur,
1098 4006 1344 4061 nonnulli
1370 4024 1432 4059 ex
1460 4005 1512 4060 h.
1539 4005 1570 4059 1.
1595 4025 1809 4077 purpu-

787 4106 945 4142 reum
1011 4086 1162 4141 nobis
1231 4085 1456 4139 Tritona
1521 4083 1806 4140 finxerunt.

747 4179 754 4185 ‘
793 4165 970 4218 Etiam
999 4163 1134 4218 Rod.
1154 4180 1168 4214 t
1185 4168 1272 4218 dei·
1299 4166 1560 4218 scholam
1580 4169 1637 4216 in
1656 4183 1811 4232 ange·-

786 4247 973 4297 eorm
994 4247 1193 4310 Purpur
1203 4246 1456 4311 gemat,-
1481 4241 1625 4312 quod
1648 4261 1813 4311 repu-

791 4332 920 4395 gnat
979 4322 1411 4393 descriptionibus
1477 4322 1810 4394 reliquorum

1890 1356 2196 1414 auctorum,
2219 1346 2307 1415 qui
2324 1365 2447 1399 eum
2468 1345 2588 1400 satis
2610 1344 2913 1400 deformem

1890 1424 2115 1494 pingunt
2141 1443 2155 1476 τ
2186 1423 2306 1477 vide
2344 1423 2532 1494 virgil.
2572 1421 2784 1476 AEneid.
2819 1424 2908 1487 X,

1893 1521 1993 1575 ²⁰9
2009 1542 2024 1569 ,
2050 1502 2138 1555 ubi
2159 1508 2218 1555 ei
2227 1502 2590 1571 hspe‘dafroaes
2607 1506 2819 1554 lateran
2834 1508 2911 1554 le—

1890 1599 1988 1632 nus
2012 1580 2285 1646 tribuitur,
2313 1580 2348 1632 i.
2372 1599 2418 1632 e.
2441 1581 2731 1649 interprete
2756 1580 2915 1651 Hey-

1893 1658 1985 1710 nio
2002 1697 2015 1724 ,
2036 1658 2143 1728 ipse
2161 1657 2394 1728 hispidus
2410 1667 2486 1711 est
2509 1677 2537 1710 a
2549 1659 2725 1711 fronte
2745 1676 2914 1726 usque

1894 1737 1958 1791 ad
1991 1739 2189 1805 latera,
2223 1738 2414 1792 scilicet
2447 1737 2685 1791 medium
2707 1756 2915 1806 corpus.

1895 1818 2109 1872 Rectius
2125 1818 2285 1888 igitur
2307 1817 2372 1872 de
2391 1817 2603 1872 conchis
2630 1817 2912 1886 accipitur,

1896 1897 2082 1966 quibus
2114 1897 2356 1967 superior
2386 1896 2619 1966 corporis
2652 1914 2769 1965 pars
2803 1893 2915 1947 ob-

1894 1975 2022 2037 sita3
2073 1974 2238 2044 qualis
2268 1974 2429 2027 etiam
2460 1975 2515 2027 in
2548 1971 2915 2026 monumentis

1895 2066 1950 2109 et
1984 2054 2205 2124 gemmis
2243 2064 2469 2124 apparet.
2507 2053 2646 2106 Vide
2678 2051 2917 2122 Lipperti

1896 2132 2101 2204 Dactyi.
2146 2133 2171 2185 ἶ
2193 2171 2210 2198 ,
2245 2133 2312 2198 64
2334 2171 2348 2198 ,
2392 2153 2452 2203 7²
2471 2172 2486 2197 ,
2529 2130 2608 2201 76.
2654 2131 2917 2185 Nostrum

1899 2211 2131 2264 imitatus
2144 2221 2220 2264 est
2234 2209 2509 2264 claudian.
2526 2210 2689 2281 Nupt.
2703 2209 2917 2262 Honor.

1895 2305 1948 2341 v.
1974 2292 2096 2354 150,
2122 2288 2212 2341 ubi
2237 2287 2287 2341 ei
2310 2288 2616 2341 tribuuntur
2636 2291 2749 2340 vim
2765 2305 2915 2355 squa-

1894 2372 2053 2420 lentia
2074 2372 2259 2420 munke
2283 2373 2436 2435 terga.
2470 2367 2616 2420 Infra
2641 2365 2723 2420 lv
2741 2405 2756 2432 ,
2784 2367 2915 2433 7²42·

1895 2446 2081 2500 bellua
2101 2445 2319 2500 marinae
2341 2453 2483 2512 terga
2504 2449 2645 2497 cavis
2662 2462 2811 2510 super
2822 2447 2916 2496 ob-

1894 2530 2002 2577 sita
2018 2526 2247 2587 conchttr,
2277 2523 2447 2593 qualia
2465 2541 2599 2591 saepe
2618 2532 2916 2576 cernuntur

1896 2603 2220 2656 balaenarum
2264 2613 2426 2672 terga.
2477 2602 2699 2654 Pausan.
2746 2601 2915 2654 Boeot.

1896 2699 1947 2749 p.
1966 2682 2089 2746 454,
2112 2689 2321 2745 narrat,
2341 2680 2451 2731 veri
2466 2679 2702 2732 Tritonis
2719 2716 2734 2745 ‚
2754 2696 2917 2746 quem

1898 2757 2005 2826 ipse
2026 2756 2217 2810 viderit
2234 2797 2249 2824 ,
2285 2775 2477 2826 corpus
2498 2756 2800 2809 horrescere
2824 2766 2917 2808 te-

1899 2836 1993 2889 nui
2022 2854 2241 2904 squama
2259 2875 2275 2902 ,
2314 2842 2466 2907 poliere
2496 2842 2649 2912 λεπτῇ.
2687 2832 2797 2888 Sed
2820 2834 2917 2886 loc.

1899 2916 2087 2970 classic.
2111 2915 2253 2969 unde
2274 2915 2361 2969 alii
2378 2915 2667 2968 hauserunt
2685 2954 2699 2981 ,
2738 2923 2816 2967 est
2836 2932 2916 2983 ap.

1898 2991 2148 3062 Apollon.
2175 2993 2284 3058 IV,
2318 2993 2445 3045 ι6ιο
2465 3011 2576 3062 sqq.
2597 3019 2664 3034 --
2689 2993 2917 3045 Concha-

1898 3088 1996 3138 qne
2020 3075 2215 3124 sonaci.
2249 3071 2329 3124 Ex
2352 3069 2600 3139 opinione
2619 3079 2674 3124 et
2696 3068 2916 3140 religio—

1898 3166 1971 3201 ne
1989 3149 2251 3202 Veterum
2266 3147 2727 3217 interpretandum
2742 3157 2920 3200 censet

1903 3226 2139 3279 Turneb.
2166 3225 2251 3278 tib.
2277 3224 2330 3278 11
2351 3264 2365 3291 ,
2400 3245 2512 3295 cap.
2536 3241 2662 3292 xxt,
2692 3224 2920 3278 creden-

1902 3304 2037 3357 tium
2077 3303 2359 3356 Tritonem
2400 3304 2636 3373 Neptuni
2672 3302 2920 3357 buccina-

1904 3392 2078 3436 torem
2106 3399 2303 3434 canoro
2328 3381 2654 3451 immanique
2689 3380 2920 3435 clamore

1903 3479 2062 3528 squas
2081 3460 2351 3530 increpare
2371 3471 2427 3515 et
2450 3471 2705 3529 tanquam
2727 3461 2920 3514 auritas

1903 3559 2088 3594 vocare
2109 3581 2123 3603 ‚
2160 3559 2278 3609 quae
2300 3540 2417 3610 ejus
2437 3541 2662 3610 imperio
2683 3557 2920 3594 consue-

1898 3616 2075 3671 verint
2093 3638 2293 3688 parere.
2316 3621 2419 3672 Ed.
2438 3645 2506 3661 -·
2524 3622 2723 3673 Soaeaeci.
2742 3617 2921 3689 Vulgo

1901 3702 2138 3761 sonant&
2167 3716 2304 3751 unus
2320 3736 2334 3764 ,
2359 3703 2565 3752 tonanti
2581 3718 2597 3750 .·
2618 3697 2789 3752 solent
2810 3697 2924 3751 hac

1903 3775 2046 3829 inter
2060 3796 2113 3830 se
2130 3776 2419 3846 permutari
2437 3787 2491 3830 et
2505 3774 2781 3839 confundi3
2801 3775 2923 3829 vide

1904 3854 2087 3908 Barth.
2109 3853 2174 3907 ad
2212 3853 2399 3907 Claud.
2435 3854 2599 3924 Nupt.
2627 3855 2835 3907 Honor.
2867 3863 2927 3908 et

1906 3933 2044 3987 Mar.
2072 3951 2202 3987 vera.
2238 3933 2345 3986 133.
2382 3931 2559 3986 Etiam
2592 3932 2749 4003 Apul.
2784 3932 2924 3986 Me-

1904 4010 2166 4081 tamorph.
2191 4012 2273 4066 lv
2289 4050 2305 4078 ‚
2332 4009 2545 4064 Tritoni
2572 4012 2756 4066 tribuit
2773 4030 2927 4065 som-

1905 4108 2013 4143 cem
2036 4088 2309 4144 concham.

1971 4166 2085 4222 335.
2114 4170 2252 4221 Cana
2253 4205 2365 4221 ......
2396 4173 2597 4224 tortiles.
2630 4167 2759 4222 Duo
2797 4167 2926 4237 epi-

1905 4244 2051 4300 theta
2073 4245 2169 4300 uni
2190 4247 2396 4300 nomini
2420 4246 2624 4316 addita,
2651 4245 2793 4319 quod
2808 4263 2926 4300 non

1906 4343 2225 4397 magnopere
2250 4325 2518 4397 probatur.
