3217 5134
585 551 1628 621 METAMORPHOSEON
1685 554 1881 621 LIB.
1933 554 2071 623 VI.

2255 556 2379 642 451

271 697 359 769 Et
386 690 591 768 Nelea
623 692 861 793 Pylos,
894 718 1110 794 neque
1142 690 1358 766 adhuc
1393 690 1684 765 Pittheia
1712 693 1988 767 Troezen
2008 749 2028 782 ‚

272 812 567 913 Quaeque
601 811 804 884 urbes
831 808 973 884 aliae
1006 809 1247 884 bimari
1276 807 1680 882 clauduntur
1712 806 1796 881 ab
1832 808 2111 900 isthmo,

269 926 710 1027 Exteriusque
745 925 886 1000 sitae
919 925 1160 1001 bimari
1195 940 1580 1025 spectantur
1610 923 1697 997 ab
1734 922 2001 998 isthmo.

2294 948 2396 1018 420

275 1042 554 1117 Credere
586 1043 736 1142 quis
772 1041 1045 1142 possit?
1073 1038 1227 1129 solat
1260 1039 1565 1115 cessastis
1593 1038 1893 1113 Athenae.

274 1157 563 1233 Obstitit
596 1152 819 1230 officio
852 1154 1138 1242 bellum,
1175 1156 1620 1255 subvectaque
1654 1171 1868 1255 ponto

272 1274 562 1348 Barbara
596 1272 1002 1374 Mopsopios
1032 1271 1365 1345 terrebant
1399 1272 1660 1368 agmina
1687 1298 1938 1345 muros,

271 1396 618 1472 Threicius
653 1397 905 1470 Tereus
938 1394 1078 1471 haec
1113 1394 1549 1469 auxiliaribus
1581 1394 1783 1468 armis

272 1522 588 1610 Fu‘derat;
623 1538 691 1595 et
723 1514 972 1596 clarum
1006 1520 1331 1594 vincendo
1366 1548 1613 1594 nomen
1646 1518 1936 1595 habebat
1965 1552 1979 1593 :

274 1747 446 1816 μεγάλη
466 1784 482 1812 ,
502 1742 592 1798 sed
608 1762 670 1796 ea
685 1743 820 1796 bene
836 1741 1286 1797 munita—Nelea

276 1827 468 1896 Pylon·
494 1821 611 1875 vide
637 1820 701 1874 ad
721 1821 773 1874 11
793 1861 807 1885 ,
832 1821 1025 1893 689-
1048 1824 1254 1874 Tra-zen
1268 1859 1282 1883 ,

274 1903 421 1971 cujus
431 1919 521 1954 rex
536 1911 648 1953 tum
662 1898 905 1951 nondum
917 1908 1027 1952 erat
1038 1901 1284 1963 pathas,

275 1981 482 2050 Pelopis
500 1978 651 2033 filius.

338 2060 451 2130 4¹9·
477 2058 690 2123 Quoque
714 2055 859 2105 urbes
881 2062 976 2104 etc.
1002 2050 1292 2105 Esou-navit

274 2133 402 2189 illud
418 2134 598 2187 :urbes
617 2131 682 2183 ab
696 2139 916 2198 utraque
934 2127 1109 2182 isthmi
1124 2138 1291 2198 parte,

275 2212 430 2265 urbes
462 2207 813 2278 Peloponnesi
841 2216 897 2259 et
918 2204 1133 2259 Graeciae
1157 2222 1292 2274 pro-

274 2291 386 2362 prie
406 2290 478 2343 sic
497 2287 662 2341 dicte.
687 2282 1099 2339 Accommodate
1115 2280 1294 2337 isthmi

273 2383 329 2426 et
351 2367 638 2440 peninsula
662 2376 865 2420 natura
886 2368 1073 2421 claudi.
1113 2363 1293 2417 Etiam

273 2470 303 2504 a
332 2447 594 2502 Cicerone
615 2487 630 2513 ‚
657 2444 777 2498 Bul.
808 2466 825 2498 ι
844 2482 860 2511 ,
886 2455 941 2498 et
967 2442 1204 2508 Velleio,
1230 2441 1256 2495 Ι
1273 2480 1290 2508 ,

274 2543 344 2582 111
358 2566 374 2594 ,
395 2527 428 2579 3
442 2566 458 2592 ,
482 2524 704 2579 isthmus
728 2533 782 2579 et
802 2519 1095 2579 Corinthus
1108 2520 1180 2575 ibi
1197 2520 1299 2575 sita

273 2610 499 2660 claustra
530 2605 869 2670 Peloponnesi
897 2609 1166 2655 vocantur.
1220 2598 1297 2653 Et

271 2688 562 2753 spectantur
576 2684 713 2741 sile,
739 2679 1038 2750 exquisitius
1054 2718 1071 2744 ‚
1097 2697 1257 2747 quam
1272 2716 1291 2745 ,

273 2762 383 2815 sitae
403 2760 821 2813 sunt—Bianti.
844 2754 980 2811 Vide
999 2752 1065 2811 ad
1082 2755 1156 2821 V,
1179 2757 1294 2822 407·

276 2840 453 2894 Etiam
473 2838 659 2893 talibus
678 2834 1073 2907 repetitionibus
1087 2874 1104 2900 ‚
1128 2832 1296 2903 qualis

274 2926 351 2973 est
372 2916 430 2968 in
455 2917 642 2967 be'man’
659 2916 725 2965 ab
754 2912 969 2971 cletham,
1005 2908 1295 2963 delectatur

277 2993 595 3051 Ovidim—
616 2992 721 3045 Hic
741 3008 919 3044 versus
943 2990 1040 3054 4²⁰
1063 2987 1242 3040 aberat
1264 3006 1296 3040 a

276 3073 483 3127 duobus
511 3071 676 3126 MSS.
715 3068 925 3125 Ciosani
945 3107 961 3135 ‚
995 3066 1216 3121 Juniani
1240 3074 1294 3119 et

276 3172 385 3207 uno
401 3149 674 3205 Gronovii.
704 3146 855 3216 Regii
877 3144 1042 3200 nostri
1066 3163 1190 3200 eum
1207 3143 1295 3197 ha-

275 3233 406 3287 bent
422 3271 437 3300 ,
460 3230 550 3301 qui
573 3240 752 3283 tamen
777 3225 1015 3281 offendit.
1039 3227 1140 3277 Ed.

341 3311 407 3375 42
420 3328 460 3360 ι.
477 3310 811 3374 Quisposse’l?
826 3303 977 3373 Regii
990 3300 1174 3369 nostri,
1184 3305 1298 3370 queit

268 3392 490 3455 posset?
510 3414 576 3427 —
592 3388 852 3440 Sabe-ecla.
878 3382 1101 3438 Plurimi
1119 3420 1134 3449 ,
1162 3384 1298 3435 sub-

261 3467 427 3533 jecta.
469 3463 651 3518 Codex
674 3463 871 3532 Regius
897 3461 944 3515 A
963 3499 978 3528 ,
1019 3463 1292 3521 subvectaf

280 3540 467 3596 Codex
478 3542 545 3608 Β,
555 3540 925 3609 πῆραι-Ω
933 3538 1166 3603 unes-itur,
1183 3534 1298 3605 quis

277 3620 546 3674 Pandioni
572 3618 768 3673 bellum
794 3615 1071 3673 intulerit?
1106 3614 1300 3668 Meur-

274 3698 409 3765 sius,
430 3699 602 3769 Regu.
623 3697 737 3752 Au.
758 3697 844 3752 lib.
865 3697 921 3763 l,
946 3715 1055 3764 cap.
1074 3696 1135 3762 4,
1157 3690 1300 3745 Lab-

275 3779 471 3833 dacum
494 3778 649 3833 fuisse
671 3776 857 3843 docet,
881 3786 936 3829 et
959 3776 1031 3829 sic
1056 3771 1299 3844 Apolloni.

275 3856 473 3912 diserte
489 3855 663 3909 tradit.
685 3854 793 3909 Sed
805 3864 945 3910 recte
957 3854 1301 3908 Burmannus

278 3945 469 3993 monet
483 3974 497 4001 ‚
520 3933 679 4001 huius
702 3935 917 4003 agmina
933 3953 1034 3987 nec
1056 3936 1297 3995 barbara,

277 4034 383 4069 nec
395 4017 653 4073 subrecta,
677 4023 768 4067 aut
783 4050 798 4079 ,
819 4012 863 4065 si
876 4030 1000 4066 cum
1016 4010 1124 4064 aliis
1136 4010 1302 4065 MSS.

278 4090 435 4148 malis
450 4129 466 4156 ,
495 4091 728 4157 subjecta
745 4096 907 4157 ponto
928 4088 1029 4144 dici
1058 4089 1301 4160 potuisse.

280 4169 533 4244 Micyllus
554 4167 859 4235 contendit,
892 4168 1186 4223 Amazonas
1206 4167 1303 4221 in-

2300 1541 2400 1612 42⁵

1381 1743 1545 1796 Ponto
1569 1741 1775 1795 Ena-1⁹10
1794 1741 2156 1797 habitaverint.
2189 1742 2263 1797 At
2287 1743 2403 1812 quis

1382 1819 1448 1873 de
1486 1819 1582 1871 hac
1618 1819 1951 1872 Amazonum
1984 1818 2313 1891 expeditione
2343 1823 2399 1875 in

1384 1896 1674 1951 Pandionis
1690 1908 1883 1975 terram
1903 1917 2148 1967 unquam·
2163 1899 2362 1953 audivit
2379 1898 2404 1953 ἲ

1384 1975 1622 2028 Fortasse
1640 1995 1726 2028 res
1742 1976 1972 2044 expediri
1985 1978 2169 2046 nequit
2189 2000 2203 2042 ;
2231 1977 2403 2032 dicam

1385 2062 1565 2105 tamen
1583 2091 1599 2119 ,
1621 2051 1746 2120 quid
1765 2052 2069 2121 repererim.
2088 2055 2369 2109 Pausanias
2386 2096 2402 2124 ,

1386 2148 1435 2199 p.
1477 2148 1602 2197 loo,
1630 2128 1788 2182 tradit
1806 2169 1822 2197 ,
1858 2131 1971 2197 ejus
1997 2129 2212 2187 Groeciae
2231 2173 2246 2200 ,
2289 2153 2406 2202 quo

1388 2217 1566 2276 postea
1593 2206 1773 2261 Hellas
1799 2206 1969 2275 dicta,
2005 2227 2252 2281 magnam
2286 2231 2411 2281 par-

1389 2293 1499 2336 tem
1533 2283 1660 2337 olim
1699 2285 1923 2339 tenuisse
1948 2289 2233 2353 Barbaros,
2276 2307 2411 2359 quos

1388 2361 1591 2415 Tereus
1602 2363 1841 2433 subigere
1866 2383 1975 2419 non
1995 2367 2239 2434 potuerit.
2265 2368 2343 2422 Hi
2363 2369 2410 2422 si

1389 2439 1455 2495 ad
1494 2441 2028 2503 sinunhsanonicum
2063 2455 2154 2498 aut
2195 2444 2408 2500 Corin-

1389 2520 1621 2577 thiacum
1645 2522 1946 2579 habitarunt
1970 2565 1986 2593 ,
2016 2534 2176 2594 poulo
2196 2529 2422 2597 subjecti

1389 2600 1491 2657 dici
1514 2602 1818 2672 pbtuerunt.
1855 2601 2141 2658 Consentit
2171 2605 2410 2660 Lactan-

1386 2678 1491 2732 tius
1502 2718 1522 2747 ,
1550 2680 1867 2749 Argument.
1891 2680 2054 2746 Qum
2075 2702 2112 2734 a
2126 2690 2407 2749 proximis,

1387 2758 1580 2827 inquit,
1593 2762 1886 2811 civilatibus
1899 2769 2264 2826 oppugnaretur
2271 2765 2413 2818 Pan·

1387 2838 1910 2905 dione—Mopsopios.
1936 2838 2039 2892 Alii
2057 2877 2073 2905 ‚
2105 2840 2369 2910 Cecropios
2382 2861 2408 2908 ,⁶

1390 2916 1543 2986 Regii
1565 2915 1768 2982 nostri,
1793 2915 2101 2983 M'psopt'os.
2117 2945 2184 2959 ·-—
2197 2920 2410 2986 Hapso-

1382 2999 1490 3061 pii,
1518 2992 1872 3047 Athenienses
1891 3033 1907 3061 ,
1943 3004 2004 3046 ut
2024 2993 2161 3050 libro
2188 2995 2269 3065 V,
2297 2999 2412 3053 ὅθι.

1393 3069 1599 3123 Verum
1620 3081 1744 3124 ante
1761 3069 2030 3124 Theseum
2048 3072 2277 3130 Athenas
2301 3096 2414 3131 nu·-

1389 3166 1475 3201 ms
1509 3166 1621 3200 non
1659 3147 1977 3202 habuerunt.
2020 3150 2245 3207 Praesert
2283 3174 2412 3228 ergo

1394 3227 1738 3282 Burmannus
1750 3246 1813 3283 ex
1825 3247 1936 3282 uno
1947 3235 2190 3285 miras
2200 3274 2213 3297 ,
2238 3233 2295 3286 id
2304 3245 2409 3303 est,

1392 3305 1472 3359 vel
1485 3305 1685 3359 stabula
1704 3344 1720 3372 ,
1740 3306 1822 3360 vel
1845 3317 1996 3361 antra
2009 3347 2024 3376 ,
2050 3328 2233 3380 specus
2247 3333 2261 3375 ς
2276 3314 2414 3382 pris-

1388 3400 1478 3437 cos
1505 3383 1653 3439 enim
1676 3383 2026 3439 Athenienses
2062 3386 2316 3443 habitasse
2354 3392 2412 3445 in

1391 3461 1648 3531 specubus
1671 3502 1688 3529 ,
1729 3472 1790 3515 ut
1826 3463 2066 3518 docuerit
2105 3466 2371 3521 Meursius
2395 3508 2413 3535 ,

1395 3540 1537 3595 Fort.
1559 3541 1669 3594 Λα.
1682 3558 1792 3610 cap.
1807 3541 2063 3595 3.Verum
2075 3542 2208 3596 mihi
2223 3564 2410 3614 parum

1393 3620 1638 3676 credibile
1653 3621 1880 3688 videtur,
1894 3620 2150 3677 Ovidium
2165 3633 2276 3677 tam
2288 3644 2413 3679 con·

1396 3698 1602 3751 temtim
1636 3697 1702 3751 de
1732 3698 1953 3752 Athenis
1983 3700 2264 3769 loquutum
2286 3722 2411 3759 esse.

1398 3776 1636 3848 Neglexit
1654 3777 1826 3847 potius
1840 3788 1994 3846 poeta
2007 3818 2022 3844 ,
2053 3780 2196 3848 quod
2213 3782 2411 3836 centies

1396 3856 1544 3921 serit,
1569 3855 1822 3924 temporis
1848 3856 2125 3910 rationem.

1462 3937 1575 4001 424.
1603 3937 1893 3998 numus,
1919 3934 2157 3989 Thracia
2180 3956 2285 3990 rex.
2314 3938 2414 3991 Ed.

1397 4038 1465 4053 —-
1486 4010 1719 4065 Thraces
1746 4022 1856 4064 tum
1884 4031 2002 4065 eam
2027 4023 2232 4082 partem
2262 4025 2417 4069 tene-

1398 4089 1528 4142 bant
1549 4106 1666 4157 qua
1692 4088 1876 4143 Daulis
1907 4090 1962 4144 in
2001 4090 2233 4145 Phocide
2263 4091 2416 4146 dice—

1399 4165 1801 4220 batur.Conser.
1817 4167 2153 4242 Thucydides
2169 4208 2185 4236 ,
2212 4170 2297 4236 11,
2322 4188 2418 4244 a9;

283 4245 620 4319 telligendas,
644 4265 759 4317 quae
775 4246 831 4300 in
846 4246 1043 4316 campis
1056 4245 1306 4300 Themis-
1402 4245 1686 4300 Pausanias
1708 4286 1722 4313 ‚
1750 4266 1799 4317 p.
1819 4265 1926 4300 100.
1941 4250 2250 4305 -Fudeml.
2266 4249 2422 4302 Plus-

283 4325 453 4398 cyniis
480 4324 717 4395 (Justin.
742 4324 829 4393 11,
858 4325 922 4392 4)
945 4343 1056 4379 non
1074 4323 1254 4395 procul
1275 4343 1307 4379 a
1403 4326 1859 4395 quamperssectnm
1878 4326 1953 4380 sie
1975 4337 2029 4379 et
2049 4326 2195 4395 alibi,
2229 4338 2288 4381 ut
2312 4326 2390 4383 lx
2404 4365 2420 4391 ‚
