3217 5134
611 536 1657 611 METAMORPHOSEON
1683 544 1908 613 ·LIB.
1965 545 2056 616 V.

2281 548 2410 615 383

268 676 496 774 Surgit
516 732 535 768 ‚
568 694 637 751 et
669 677 1004 755 immissos
1033 678 1278 755 hedera
1310 679 1589 757 collecta
1622 681 1902 784 capillos

271 800 571 901 Calliope
608 800 921 902 querulas
948 819 1299 904 praetentat
1332 803 1584 906 pollice
1619 805 1948 896 chordas;

270 926 499 1027 Atque
528 923 671 998 haec
702 922 1040 1026 percussis
1071 925 1426 1026 subjungit
1458 929 1753 1005 carmina
1781 931 2046 1007 nervis:
2076 964 2112 998 n

2323 954 2423 1027 340

371 1080 409 1114 «
447 1047 675 1122 Prima
708 1048 912 1124 Ceres
947 1076 1125 1124 unco
1157 1048 1386 1146 glebas
1423 1051 1710 1128 dimovit
1739 1072 2002 1143 aratr03

266 1294 471 1347 sparsos
493 1295 591 1346 per
625 1274 880 1332 humeros
910 1287 967 1331 et
997 1277 1297 1334 defluentes

267 1353 534 1409 habebant
548 1394 565 1421 ‚
586 1352 696 1422 VI,
719 1355 845 1420 1583
874 1366 927 1409 et
942 1356 1102 1412 Trist.
1121 1358 1147 1411 I
1161 1396 1177 1424 ,
1196 1373 1294 1425 111,

269 1434 358 1499 43)
387 1436 608 1501 εοΙΙιζςίΙ,
634 1451 747 1486 non
770 1431 919 1487 nodo
934 1444 1025 1487 aut
1042 1434 1294 1502 reticulo,

267 1510 359 1564 sed
379 1513 591 1571 hedera,
623 1509 904 1564 doctarum
921 1512 1182 1566 frontium
1206 1532 1299 1566 or-

266 1600 525 1644 namento
538 1628 554 1657 ‚
576 1608 683 1660 quo
697 1600 750 1643 et
766 1600 937 1661 poetae
957 1593 1200 1647 coronari
1219 1612 1299 1647 so·

266 1666 397 1720 lent.
425 1663 630 1720 Confer
666 1666 856 1722 Horat.
881 1668 937 1735 1,
978 1666 1087 1723 od.
1114 1685 1137 1722 1
1157 1709 1174 1737 ‚
1215 1688 1295 1743 29.

265 1772 334 1785 —
359 1747 580 1799 Hedera.
611 1743 795 1799 Codex
834 1745 1031 1817 Regius
1060 1746 1106 1799 B
1140 1747 1300 1802 habet

264 1824 493 1887 bederae5
518 1841 627 1876 non
643 1823 781 1876 male
794 1862 811 1890 ,
837 1824 878 1877 si
896 1843 995 1894 pro
1011 1830 1289 1887 ἱππεῦ-τω,

263 1912 559 1971 reponatur
567 1906 839 1954 thurinos.
860 1901 1307 1957 lid—Proteum!

263 1985 491 2036 chordas
507 2022 521 2042 ‚
560 1991 683 2036 ante
707 1991 927 2034 cantum
953 1982 1058 2035 oris
1090 1981 1261 2050 pulsat
1286 2021 1302 2049 ,

267 2059 518 2130 preludit
536 2100 552 2126 ,
580 2061 878 2127 ἀνακρούεται
900 2098 918 2126 ,
959 2060 1259 2112 ἇναθᾶλλεται
1284 2097 1301 2124 ,

267 2156 427 2191 more
439 2135 1149 2190 citharoedorum-Retenta&
1156 2131 1305 2187 chor·

267 2217 400 2283 das3
423 2235 582 2286 supra
609 2236 717 2286 ¹¹7·
741 2242 810 2255 —
837 2217 1069 2282 Quendae
1090 2212 1308 2284 propter

265 2296 495 2352 mollem
518 2312 731 2350 sonum.
754 2295 975 2361 Querela
996 2297 1128 2346 libia
1144 2333 1160 2357 ,
1194 2293 1308 2347 Ho-

266 2388 372 2431 rat.
402 2376 488 2429 111
505 2414 521 2441 ,
550 2372 658 2429 Od.
684 2389 802 2441 vu,
827 2374 911 2426 30.

333 2458 458 2521 341.
485 2454 721 2526 Hymnus
757 2454 925 2507 Musa·
957 2454 1179 2506 Cama
1208 2472 1305 2506 ce-

261 2539 479 2594 lebrans
490 2533 724 2603 pertinet
743 2531 808 2585 ad
828 2549 1043 2586 versum
1057 2529 1151 2584 661
1174 2552 1191 2596 ;
1210 2528 1305 2585 sed

265 2634 395 2687 pars
412 2614 528 2683 ejus
551 2612 851 2683 gravissima
873 2613 1077 2677 Raptus
1099 2611 1307 2664 Proser-

258 2699 432 2761 pm,
466 2692 555 2745 cui
590 2700 819 2761 quatuor
853 2687 1308 2758 metamor-phones

268 2773 488 2826 insertae
512 2809 529 2838 ,
573 2768 638 2821 ad
665 2786 877 2822 versum
921 2772 1035 2839 571.
1058 2768 1304 2832 Plutoni,

256 2906 259 2909 ,
274 2849 516 2904 Siciliam
533 2887 549 2912 ‚
578 2845 806 2916 Tiphoei
824 2845 1056 2899 motibus
1071 2862 1307 2899 concus-

272 2945 395 2982 sam
412 2966 429 2994 ‚
453 2924 708 2979 ambienti
733 2923 950 2995 Cupido
965 2962 980 2989 ,
1003 2933 1175 2976 matre
1204 2923 1312 2975 im-

276 3007 510 3078 pellente
524 3045 542 3073 ,
555 3022 796 3058 amorem
814 3002 997 3071 injicit.
1024 2999 1156 3069 Quo
1172 3003 1310 3055 sacto

273 3084 363 3138 ille
402 3101 432 3136 e
464 3081 684 3152 vestigio
714 3083 1068 3146 Proserpinam
1091 3117 1104 3139 ,
1145 3096 1310 3148 prope

280 3163 535 3216 Hennaea
566 3159 764 3213 moenia
800 3155 960 3210 flores
999 3154 1267 3225 legentem
1291 3195 1308 3222 ‚

277 3247 444 3311 rapit,
479 3249 535 3294 et
556 3258 652 3310 per
678 3237 891 3310 Cyanes
909 3274 924 3303 ,
952 3254 1007 3288 se
1041 3253 1311 3305 opponere

279 3318 571 3374 laborantis
592 3358 607 3385 ,
636 3318 844 3370 sontem
879 3313 946 3369 ad
982 3313 1181 3367 inferos
1212 3313 1309 3366 de-

278 3398 446 3453 vebit.
466 3397 613 3452 Tum
628 3414 860 3450 moerens
882 3395 1056 3465 Cyane
1076 3399 1132 3446 in
1153 3411 1316 3462 aquas

280 3484 603 3531 extenuatur.
618 3475 786 3529 Ceres
797 3513 812 3539 ,
828 3472 1061 3526 accensis
1075 3472 1131 3524 in
1150 3470 1316 3525 AEtna

286 3554 468 3621 tedis,
487 3553 579 3608 diu
602 3564 871 3620 noctuque
896 3569 991 3620 per
1009 3560 1183 3603 totum
1209 3560 1318 3603 ter-

285 3651 475 3687 rarum
499 3633 684 3686 orbem
700 3623 873 3684 “filiam
896 3628 1137 3682 amissam
1161 3645 1317 3697 que-

287 3711 360 3766 rit
377 3750 394 3778 ,
420 3722 579 3781 atque
604 3710 746 3763 inter
767 3726 975 3763 errores
988 3706 1102 3759 illos
1111 3725 1319 3773 paenu-

290 3788 580 3861 quemdam
600 3793 657 3842 in
677 3792 957 3841 slelle'onenr
980 3791 1156 3839 mutat.
1197 3783 1320 3838 Re-

292 3889 444 3926 versa
458 3870 511 3923 in
527 3868 759 3923 Siciliam
775 3887 804 3919 e
820 3865 1153 3936 Proserpinae
1166 3882 1319 3930 zona,

291 3968 459 4021 quam
500 3950 557 4002 in
601 3947 824 4021 Cyaneo
853 3944 1001 3998 sonte
1046 3955 1323 3998 natantem

292 4028 439 4082 videt
462 4067 479 4096 ,
524 4026 688 4080 filiam
722 4025 794 4078 ibi
842 4023 1113 4078 evanuisse
1156 4022 1324 4076 discit.

294 4108 445 4162 Hinc
466 4107 684 4161 saeviens
721 4117 888 4160 terras
917 4122 1104 4157 omues
1127 4142 1143 4169 ,
1175 4102 1324 4156 Sici-

292 4182 422 4238 liam
448 4185 501 4238 in
528 4185 709 4255 primis
734 4224 749 4251 ,
791 4182 1061 4238 sterilitate
1091 4180 1324 4234 damnat.

292 4264 563 4318 Arethusa
586 4282 714 4318 vero
748 4275 802 4317 et
836 4281 933 4332 pro
958 4273 1098 4315 terra
1128 4259 1324 4329 depre-

288 4352 473 4411 catur,
500 4354 554 4397 et
587 4342 765 4412 prodit
794 4341 1169 4409 Proserpinam
1195 4338 1327 4392 Plu-

1397 1273 1537 1326 tonis
1576 1291 1687 1327 esse
1725 1274 2027 1345 coniugem.
2070 1274 2171 1329 His
2204 1276 2426 1348 cognitis

1399 1349 1565 1405 Ceres
1603 1349 1668 1404 ad
1697 1351 1892 1405 Jovem
1918 1352 2157 1421 querelas
2176 1372 2294 1409 suas
2318 1353 2425 1410 de-

1393 1431 1497 1484 sert
1519 1468 1534 1496 ,
1559 1430 1651 1499 qui
1688 1449 1807 1484 eam
1828 1431 2056 1497 solatur,
2085 1430 2179 1485 sed
2201 1442 2256 1486 et
2285 1432 2424 1487 red-

1397 1508 1523 1564 dere
1561 1509 1726 1563 filiam
1756 1510 1914 1563 matri
1952 1510 2160 1581 eastege
2197 1512 2310 1566 vult
2332 1552 2347 1578 ,
2381 1514 2426 1567 si

1395 1588 1569 1642 nullos
1583 1586 1756 1642 adhuc
1773 1607 1865 1641 ore
1883 1589 2025 1643 cibos
2040 1591 2304 1644 sumserit.
2322 1590 2430 1644 Co-

1396 1663 1640 1720 mederat
1675 1676 1855 1722 autem
1888 1665 1974 1719 illa
1995 1677 2199 1738 septem
2224 1669 2429 1738 granati

1399 1763 1578 1816 grana.
1601 1743 1769 1812 Quod
1784 1763 1952 1815 quum
1970 1746 2304 1815 Ascalaphus
2326 1748 2432 1801 im·-

1397 1824 1630 1892 port'une
1677 1821 1991 1892 prodidisset
2015 1864 2030 1891 ,
2073 1828 2130 1877 ia
2185 1828 2428 1879 bubonem

1399 1898 1802 1965 transformatur.
1851 1899 2004 1968 Quin
2025 1902 2187 1956 etiam
2211 1905 2439 1957 Acheloi

1402 1976 1526 2031 filie
1539 2016 1554 2042 ,
1574 1995 1693 2047 quae
1705 1978 2040 2049 Proserpina
2059 1978 2218 2034 flores
2232 1981 2428 2052 legenti

1400 2054 1717 2123 adsuerant,
1755 2076 1923 2126 quum
1958 2058 2081 2126 ipso
2119 2058 2173 2112 id
2207 2071 2431 2130 expete—

1401 2143 1526 2187 rent
1549 2172 1566 2200 ,
1608 2138 1664 2187 ia
1705 2153 1885 2187 noram
1938 2137 2161 2190 &haum
2201 2137 2428 2205 somma

1402 2217 1688 2279 transeunt..
1717 2211 1932 2282 Jupiter
1967 2213 2185 2268 tandem
2209 2235 2327 2269 rem
2357 2218 2429 2271 ita

1400 2287 1678 2358 componit
1708 2328 1724 2356 ,
1766 2298 1827 2343 ut
1864 2290 2182 2361 Proserpina
2214 2293 2450 2364 singulis.

1401 2366 1557 2420 annis
1588 2385 1677 2421 sex
1710 2385 1922 2422 menses
1959 2387 2084 2422 cum
2119 2380 2289 2425 matre
2326 2372 2427 2440 sit,

1402 2447 1629 2501 totidem
1644 2467 1767 2501 cum
1789 2449 2240 2506 Plutone—Hac
2255 2453 2428 2507 sabula

1402 2547 1434 2583 a
1466 2528 1738 2598 plurimis,
1775 2527 1868 2584 sed
1902 2550 2095 2602 magna
2128 2534 2380 2590 varietate
2408 2577 2424 2603 ,

1400 2616 1620 2661 tractata
1643 2619 1738 2662 est.
1757 2608 1920 2663 Juxta
1944 2610 2191 2665 Marmor
2215 2613 2425 2668 Arund.

1403 2686 1460 2753 Ι,
1494 2688 1729 2775 quiam
1750 2688 1848 2741 sub
1875 2688 2177 2745 Erechtheo
2211 2693 2425 2763 aliquis,

1400 2765 1553 2832 cujus
1575 2783 1776 2818 nomen
1803 2765 2038 2820 deletum
2064 2778 2174 2835 est,
2211 2788 2427 2824 carmen

1403 2841 1471 2895 de
1496 2861 1559 2896 ea
1582 2844 1892 2912 composuit.
1927 2843 2080 2897 Idem
2103 2847 2330 2913 fecerat,
2368 2860 2430 2902 ut

1405 2942 1434 2975 e
1454 2923 1677 2976 Pausan.
1691 2923 1717 2975 1
1732 2962 1748 2988 ,
1767 2923 1833 2995 39
1846 2963 1861 2989 ,
1880 2935 2095 2993 apparet
2108 2964 2125 2993 ,
2144 2925 2428 2997 pamphus.

1407 2998 1618 3055 Ordine
1633 3000 1795 3053 relata
1808 3011 1887 3054 est
1907 3001 1963 3053 in
1987 3002 2210 3055 Homeri
2225 3003 2430 3076 hymno

1403 3078 1464 3131 in
1492 3077 1751 3132 Cererem
1767 3118 1783 3145 ‚
1809 3089 1863 3132 et
1885 3080 2143 3151 copiosius
2163 3082 2322 3136 etiam
2345 3105 2432 3138 se-

1406 3157 1546 3210 riore
1595 3166 1745 3211 aetate
1784 3176 1813 3210 a
1850 3156 2147 3212 Claudiano
2181 3162 2430 3231 peculiari

1407 3233 1473 3288 de
1500 3234 1677 3304 Raptu
1709 3236 1952 3306 Proserp.
1988 3238 2239 3293 carmine.
2282 3241 2430 3296 Bre-

1406 3312 1543 3366 viter
1556 3332 1674 3367 eam
1694 3315 1960 3385 attingunt
1982 3313 2234 3387 Orpheus
2248 3318 2304 3371 in
2324 3320 2432 3372 Ar-

1410 3409 1531 3460 gon.
1555 3412 1575 3445 1
1590 3396 1683 3465 189
1700 3411 1811 3463 sqq.
1829 3415 1843 3456 ς
1864 3392 2075 3448 Gallim.
2096 3395 2147 3447 h.
2172 3396 2228 3448 in
2245 3394 2430 3450 Cerer.

1412 3474 1564 3544 5-17.
1598 3471 1685 3527 Cs.
1702 3485 1756 3528 et
1776 3474 2017 3545 Apollod.
2036 3475 2059 3527 Ῑ
2077 3513 2094 3541 ,
2117 3478 2147 3528 5
2166 3515 2181 3542 ,
2208 3477 2299 3545 qui
2319 3478 2430 3531 sere

1408 3548 1594 3623 hymn.
1624 3551 1894 3605 Homeric.
1929 3551 2200 3622 sequitur;
2232 3554 2432 3625 Hygin.

1408 3629 1511 3683 sab.
1547 3629 1674 3694 ι46ς
1704 3629 1909 3683 Arnoh.
1937 3629 2054 3684 adv.
2078 3629 2313 3697 Gentes,
2351 3634 2430 3699 V,

1410 3726 1462 3777 p.
1486 3729 1503 3761 ι
1515 3708 1578 3778 73
1597 3727 1710 3778 sqq.
1732 3707 1929 3761 Denuo
1948 3709 2142 3764 Noster
2156 3728 2275 3763 eam
2293 3720 2433 3765 trac-

1413 3786 1573 3852 tavit,
1609 3786 1747 3840 Fast.
1773 3787 1873 3854 IV,
1897 3787 2000 3859 339
2032 3806 2143 3857 sqq.
2180 3788 2436 3857 Expressa

1413 3864 1644 3935 denique
1662 3876 1774 3919 erat
1788 3866 1841 3918 in
1858 3866 2036 3919 multis
2055 3868 2291 3919 nummis
2302 3867 2435 3922 aliis·

1416 3961 1519 4012 que
1533 3944 1914 3998 monumentis.
1928 3943 2217 4014 spanhem.
2238 3944 2303 3997 ad
2318 3943 2436 3999 cal-

1414 4019 1701 4075 limachum
1717 4059 1733 4086 ,
1763 4041 1811 4093 9.
1831 4048 1900 4061 —
1920 4025 2096 4075 Prima
2119 4023 2268 4075 Ceres
2288 4034 2386 4079 etc.
2406 4043 2436 4078 e

1419 4097 1605 4168 virgil.
1628 4096 1822 4168 Georg.
1846 4099 1904 4164 l,
1937 4102 2025 4170 ¹47
2052 4118 2064 4152 ε
2089 4102 2265 4153 Prima
2292 4103 2439 4156 Ceres

1401 4178 1548 4249 ferro
1583 4181 1822 4230 nortales
1843 4185 2030 4230 vetlem
2063 4186 2244 4231 tetram
2268 4182 2441 4233 Insle'-

1417 4261 1528 4310 tuit.
1557 4254 1716 4310 Cous.
1749 4255 1944 4309 Noster
1980 4255 2166 4310 Amor.
2201 4256 2314 4323 111,
2346 4275 2442 4321 ¹⁰3

1420 4336 1557 4392 Fut.
1588 4335 1692 4403 IV,
1713 4338 1827 4402 4⁰¹·
1852 4359 1919 4374 —·
1950 4337 2180 4390 Dinon?
2198 4378 2214 4400 ,
2258 4334 2445 4391 dimo-
