3217 5134
826 531 961 619 416

1390 527 1471 596 P.
1537 528 1904 596 OVIDII
1954 524 2418 595 NASONIS

827 673 961 748 Seu
992 670 1316 774 pingebat
1342 697 1466 744 acu
1502 699 1518 743 ε
1557 668 1759 755 scires
1792 697 1831 743 a
1862 664 2131 742 Pallade
2167 664 2452 741 doctam.

827 787 1037 887 Quod
1072 805 1289 862 tamen
1325 785 1472 887 ipsa
1505 803 1737 883 negat3
1776 802 2089 887 tantaque
2126 783 2383 860 offensa
2415 781 2727 879 magistra
2749 840 2769 874 ,

831 942 867 975 «
911 909 1176 995 Certet‚
1206 904 1337 993 ait,
1365 931 1625 979 mecum
1647 933 1664 992 ;
1689 900 1863 977 nihil
1885 919 1987 977 est
2006 959 2025 991 ‚
2056 900 2240 1004 quod
2265 901 2436 975 victa
2459 928 2773 976 recusem.
2806 936 2841 971 n
2878 928 2938 980 25

824 1022 1049 1099 Pallas
1080 1050 1277 1097 anum
1310 1018 1578 1095 simulat
1594 1075 1614 1107 ‚
1651 1018 1990 1121 falsosque
2025 1019 2097 1092 in
2131 1035 2435 1120 tempora
2470 1046 2667 1092 canos

823 1138 1077 1228 Addit,
1115 1155 1183 1213 et
1216 1135 1514 1211 infirmos
1545 1135 1790 1210 baculo
1824 1164 2094 1237 quoque
2130 1136 2417 1210 sustinet
2450 1153 2651 1209 artuS.

824 1258 1000 1331 Tum
1035 1255 1131 1330 sic
1167 1283 1316 1329 orsa
1346 1253 1579 1356 loqui:
1618 1287 1653 1318 «
1689 1255 1845 1327 Non
1879 1253 2101 1327 omnia
2133 1251 2449 1348 grandior
2477 1271 2631 1328 aetas
2651 1310 2671 1339 ,

830 1406 867 1439 >>
909 1373 1081 1471 Quae
1109 1370 1441 1467 fugiamus
1459 1427 1487 1469 ,ι
1515 1369 1721 1444 habet
1750 1399 1765 1441 ε
1798 1369 1962 1444 seris
1994 1368 2178 1443 venit
2207 1397 2373 1443 usus
2403 1369 2487 1443 ab
2524 1370 2735 1443 annis.

831 1522 868 1555 ι»
910 1487 1284 1564 Consilium
1320 1516 1404 1562 ne
1440 1515 1679 1589 sperne
1712 1514 1933 1560 meum
1967 1515 1981 1559 ε
2019 1486 2148 1560 tibi
2177 1485 2352 1560 sama
2383 1502 2652 1587 petatur
2879 1510 2936 1560 30

834 1645 870 1677 »
908 1613 1094 1684 Inter
1123 1609 1434 1686 mortales
1464 1606 1779 1683 facienda:
1803 1608 2087 1683 maxima
2118 1606 2303 1683 lanae.
2369 1657 2378 1667 -

834 1768 869 1798 »
906 1732 1084 1808 Cede
1118 1734 1317 1821 Deae,
1347 1733 1736 1834 veniamque
1769 1732 1902 1805 tuis
1934 1731 2274 1805 temeraria
2314 1730 2507 1804 dictis

832 1892 867 1922 »
908 1855 1226 1958 Supplice
1253 1883 1414 1929 voce
1447 1884 1611 1951 roga
1642 1885 1658 1929 ε
1691 1854 1949 1929 veniam
1985 1852 2170 1928 dabit
2200 1852 2313 1926 illa
2347 1853 2637 1948 roganti.
2674 1888 2712 1919 »

826 1980 1140 2081 Adspicit
1170 1979 1343 2054 hanc
1380 1979 1589 2052 torvis
1608 2036 1629 2068 ‚
1663 1979 2084 2080 incoeptaque
2117 1976 2228 2051 fila
2255 1976 2616 2094 relinquit;

826 2196 929 2264 IV,
968 2214 1078 2249 ου.
1113 2194 1457 2248 Burmannus
1491 2213 1554 2248 ex
1588 2212 1699 2246 uno
1730 2192 1844 2247 Co-

826 2275 941 2330 dice'
980 2272 1135 2344 legit,
1176 2277 1330 2326 levem
1373 2278 1542 2334 tereti,
1590 2283 1652 2325 ut
1689 2272 1846 2325 simul

829 2353 1073 2408 Arachne
1108 2372 1139 2405 a
1159 2352 1334 2404 forma
1362 2350 1641 2414 landenam
1667 2358 1845 2405 teretia

826 2431 973 2483 enim
996 2428 1238 2481 membra
1253 2467 1268 2493 ,
1293 2428 1350 2480 in
1365 2427 1548 2496 primis
1563 2434 1740 2482 tentes
1759 2427 1844 2481 di-

825 2507 872 2577 gi
880 2504 916 2559 ti
932 2547 948 2572 ,
973 2507 1027 2559 in
1044 2515 1190 2575 parte
1203 2504 1608 2574 pulchritudinis
1630 2524 1843 2575 ponun-

826 2599 926 2643 tur.
945 2586 1010 2641 A.
1040 2586 1103 2641 A.
1129 2588 1189 2654 1,
1213 2586 1326 2640 622.
1347 2585 1421 2640 Et
1444 2586 1705 2658 Hypaepas
1728 2586 1844 2655 pul-

825 2663 1111 2717 cherrimas
1142 2662 1383 2717 habuisse
1413 2661 1661 2716 mulieres
1685 2662 1843 2717 tradit

826 2744 1142 2815 Stephanus.
1153 2744 1343 2814 Neque
1357 2742 1578 2797 dubium
1593 2753 1670 2797 est
1684 2783 1699 2810 ,
1711 2744 1839 2812 quin

823 2824 1017 2877 Noster
1052 2814 1358 2895 expresserit
1385 2822 1577 2877 catull.
1613 2820 1840 2893 Epithal.

821 2901 997 2969 Pelei,
1017 2903 1106 2956 ubi
1125 2942 1140 2971 ‚
1163 2904 1424 2956 Libratmn
1441 2906 1589 2955 temti
1604 2905 1846 2957 versabat

820 2981 1201 3050 oollekcsusum.
1228 2980 1432 3036 Contra
1446 3019 1463 3049 ,
1490 2974 1711 3034 Heroid.
1728 2980 1831 3047 IX,

825 3080 883 3131 77
905 3079 918 3113 :
948 3061 1207 3115 Hercules
1228 3080 1407 3115 crassa
1512 3064 1716 3114 robusto
1738 3062 1838 3112 ite—

820 3143 969 3194 ducit
975 3143 1163 3208 pollice
1164 3142 1286 3210 fila.
1320 3140 1389 3194 Et
1398 3139 1559 3206 susus
1576 3150 1720 3193 recte
1744 3138 1836 3192 di-

821 3227 1032 3271 ceretur
1051 3220 1204 3283 tenir,-
1231 3216 1390 3272 fiebat
1412 3219 1557 3272 enim
1576 3238 1641 3271 ex
1662 3219 1835 3288 junco·

824 3294 1059 3361 Plinius,
1098 3294 1207 3361 XI,
1235 3293 1313 3347 23.

890 3374 969 3427 23.
993 3376 1158 3428 Scires
1184 3383 1281 3429 etc.
1304 3384 1366 3428 ut
1384 3375 1413 3430 l
1430 3414 1446 3442 ,
1477 3375 1567 3428 162
1591 3415 1605 3442 ,
1640 3382 1840 3431 scirese

821 3458 1066 3522 sangnine
1107 3460 1271 3506 natos.
1321 3454 1422 3507 His
1458 3455 1628 3509 verbis
1659 3467 1837 3510 autern

820 3549 931 3583 non
958 3529 1198 3584 laudatur
1220 3530 1386 3585 modo
1409 3532 1473 3585 ab
1497 3543 1607 3586 arte
1626 3573 1641 3600 ‚
1666 3534 1759 3587 sed
1783 3545 1838 3588 et

820 3610 1151 3681 impudentia
1185 3612 1300 3682 ejus
1333 3611 1489 3666 simul
1529 3622 1746 3666 notatur
1779 3613 1834 3666 in

821 3690 1138 3763 magistram.
1153 3719 1221 3731 -
1243 3694 1394 3758 Quod
1409 3699 1588 3744 tamen.
1606 3690 1837 3745 Leiden-

821 3767 888 3819 sis
909 3806 923 3833 ,
959 3769 1064 3821 Sea·
1088 3772 1253 3820 tamen
1272 3807 1287 3829 ,
1336 3767 1476 3837 quod
1519 3787 1630 3820 non
1660 3768 1838 3821 inele-

824 3860 1008 3921 ganter
1035 3849 1233 3903 dictum
1268 3849 1584 3903 But-manno
1613 3848 1835 3904 videtur.

820 3957 886 3970 -
918 3932 1177 3999 Tantaque
1195 3941 1292 3984 etc.
1314 3931 1717 4001 ignominiosam
1740 3931 1836 3985 sibi

822 4027 929 4061 esse
960 4018 1146 4078 putans
1169 4009 1472 4081 magistram
1490 4050 1506 4078 ,
1543 4010 1662 4064 licet
1690 4020 1835 4063 tanta

822 4096 967 4140 esset.

888 4163 966 4216 26.
1000 4166 1183 4217 Pallas
1208 4186 1359 4220 anam
1376 4169 1607 4229 simulat,
1630 4176 1727 4219 etc.
1747 4164 1833 4221 De

823 4240 910 4294 tali
931 4245 1247 4296 simulatione
1265 4243 1383 4299 vide
1408 4244 1473 4297 acl
1501 4245 1619 4311 111,
1649 4250 1835 4312 275.—

823 4321 975 4373 Anns
993 4322 1217 4374 sormam
1238 4324 1345 4376 sere
1366 4323 1645 4391 sumebant
1667 4323 1797 4377 Deae
1815 4364 1831 4390 ,

1936 2194 2027 2249 ubi
2040 2193 2320 2250 consilium
2335 2192 2459 2247 dare
2475 2193 2812 2248 volebant.-
2823 2196 2930 2247 Fat-

1936 2293 1999 2326 sa
2013 2315 2028 2337 ,
2059 2270 2315 2340 stellas-na,
2366 2276 2576 2326 mentae
2591 2314 2609 2337 ‚
2661 2275 2924 2329 mendacia.

1938 2348 2206 2420 eleganter
2232 2349 2387 2404 dicun
2397 2360 2500 2415 tur,
2526 2368 2649 2420 que.
2668 2352 2782 2420 quis
2804 2360 2930 2403 tem-

1940 2431 2078 2500 poris
2125 2448 2279 2484 causa
2322 2430 2568 2497 assumit,
2610 2441 2672 2484 ut
2715 2429 2932 2485 simulata

1937 2508 2108 2562 forma
2129 2507 2354 2562 alterum
2376 2508 2535 2562 sallat.
2554 2511 2699 2562 —In
2719 2516 2937 2577 semea.

1938 2587 2146 2643 Novem
2169 2606 2232 2640 ex
2245 2586 2560 2659 ¹melioribus
2573 2625 2591 2653 ,
2613 2589 2926 2653 adtenuata,

1937 2677 1996 2720 ut
2035 2665 2150 2733 ΙΙΙ,
2180 2668 2276 2734 ²7⁵
2297 2704 2313 2732 ,
2336 2672 2599 2734 pos-nitate
2625 2666 2704 2717 ad
2721 2672 2938 2733 tenpore

1935 2762 2108 2798 canos.
2143 2743 2296 2813 Regii
2321 2743 2492 2797 nostri
2516 2742 2622 2809 hic,
2656 2752 2717 2795 ut
2744 2740 2801 2795 in
2823 2741 2935 2795 10oe

1934 2822 2090 2876 citato
2106 2861 2121 2890 ‚
2151 2822 2350 2876 habent
2373 2824 2454 2875 ad
2474 2828 2721 2889 tes-potu
2755 2830 2936 2872 tamen

1934 2899 2255 2954 mutandum
2275 2899 2406 2953 nihil
2429 2910 2702 2969 putamus3
2725 2908 2936 2951 utrum-

1936 2998 2038 3049 que
2061 2979 2208 3032 enim
2238 2989 2378 3032 recte
2406 2977 2616 3032 dicitur.
2636 2980 2734 3031 Ed.

2000 3060 2080 3112 28.
2105 3061 2221 3113 Non
2243 3062 2413 3113 omnia
2435 3068 2533 3111 etc.
2551 3056 2820 3110 Senectuti
2832 3073 2932 3109 nou

1934 3136 2054 3191 solae
2093 3136 2343 3191 molestie
2374 3134 2640 3204 adjuncta
2663 3146 2815 3203 sunt,
2851 3133 2931 3187 sed

1932 3216 2072 3269 bona
2096 3216 2256 3269 etiam
2275 3213 2519 3285 quedam
2537 3254 2552 3281 ,
2580 3234 2774 3285 nempe
2793 3232 2929 3275 usus,

1934 3294 2266 3364 experientia.
2286 3294 2409 3347 Jam
2430 3293 2681 3348 Muretus
2701 3291 2930 3348 animad-

1908 3372 2088 3427 ·vertit
2109 3410 2124 3439 ,
2155 3391 2392 3441 expressa
2410 3371 2522 3426 hac
2545 3391 2657 3426 esse
2677 3392 2741 3425 ex
2762 3369 2931 3439 Eurip-

1934 3450 2121 3504 Phoen.
2140 3470 2271 3505 vers.
2290 3451 2380 3504 531
2404 3471 2418 3504 ε
2441 3455 2550 3520 Οὐχ
2560 3453 2741 3507 ἅπαντα
2755 3462 2818 3525 τῷ
2830 3456 2934 3526 γήρᾳ

1933 3535 2051 3586 aaz&
2084 3532 2336 3604 κρίσεσι-ιν·
2360 3529 2458 3584 ἄλλ’
2487 3535 2510 3595 ἦ
2535 3530 2744 3606 ’μιαρίας
2777 3536 2871 3598 ’ἔχει
2893 3552 2934 3582 τι

1933 3614 2064 3678 ligat
2078 3620 2166 3664 τῶν
2189 3613 2298 3663 νίων
2320 3613 2583 3684 σοφώτερον.
2607 3609 2777 3663 Plaut.
2797 3607 2938 3661 Mos-

1933 3687 2019 3742 tel.
2046 3687 2121 3755 V,
2147 3703 2245 3755 111,
2270 3708 2331 3756 27
2353 3707 2368 3741 z
2399 3688 2583 3755 Sapen·
2609 3691 2778 3741 isthac
2803 3694 2937 3739 etate

1933 3772 2152 3834 oportet,
2193 3771 2420 3836 quisunt
2437 3771 2608 3834 capite
2634 3769 2864 3820 candelio.
2877 3791 2934 3803 —

1941 3848 2120 3910 Venit,
2160 3855 2389 3914 paratur.
2419 3873 2487 3885 —
2511 3846 2627 3897 ὅση·
2647 3850 2804 3907 anm‘,
2849 3862 2934 3903 se·-

1931 3932 2128 3976 nectus.
2151 3925 2318 3977 Serior
2338 3932 2486 3985 etas,
2520 3923 2696 3977 Tibul.
2725 3924 2780 3991 1,
2809 3926 2852 3990 4.
2875 3947 2936 3960 -·

1931 4003 2195 4055 Facienda·
2230 4006 2375 4056 tane.
2425 4001 2588 4055 Multi
2626 4021 2688 4055 ex
2723 3998 2934 4070 antiquis

1934 4079 2216 4135 codicibus
2228 4122 2242 4149 ,
2261 4086 2400 4149 telae,·
2422 4082 2495 4134 ita
2511 4092 2564 4136 et
2590 4082 2740 4153 Regii
2761 4077 2932 4137 nostri.

1930 4166 2119 4218 Facere
2137 4163 2313 4217 lanam
2329 4202 2345 4230 ‚
2365 4162 2558 4217 locutio
2582 4162 2813 4233 propria,
2837 4178 2930 4212 uu·

1929 4241 1995 4295 de
2025 4246 2313 4312 tanfficium.

1996 4324 2074 4390 34.
2096 4327 2336 4392 Adspicit
2351 4328 2487 4379 benc
2509 4335 2606 4379 etc.
2620 4320 2929 4378 praeviderat
