3217 5134
529 837 536 849 ,
612 726 724 829 Ρ.
808 722 1324 829 OVIDII
1403 722 2056 829 NASONIS

395 920 2299 1085 METAMORPHOSEON

772 1215 1150 1348 LlssEn
1219 1212 1896 1300 SEPTIMUS.

367 1698 450 1761 N.
484 1696 564 1758 B.
602 1698 1026 1783 Argumentum
1065 1700 1238 1784 hujus
1294 1699 1455 1762 Libri
1505 1702 1728 1784 septimi
1775 1701 2322 1784 Metamorphoseon
2358 1745 2378 1778 ‚

297 1803 533 1866 relatum
562 1805 816 1867 invenies
845 1808 904 1867 in
934 1808 1077 1869 serie
1116 1808 1402 1870 CARTEBI
1428 1852 1448 1885 ‚
1486 1829 1657 1889 supra
1681 1828 1808 1892 pag.
1836 1804 1939 1887 37.

284 2099 457 2172 FAB.
484 2098 540 2172 Ι.
580 2069 908 2184 JAMQUE
932 2095 1174 2171 fretum
1200 2097 1448 2198 Minyae
1471 2098 1774 2192 Pagasaea
1798 2124 2025 2197 puppe
2052 2094 2393 2184 secabant,

288 2217 747 2315 Perpetuaque
778 2212 1046 2287 trahens
1077 2213 1347 2313 inopem
1378 2212 1504 2286 sub
1541 2230 1739 2286 nocte
1767 2230 2096 2287 senectam

290 2328 587 2405 Phineus
621 2327 801 2401 visus
832 2344 1008 2416 erat;
1031 2327 1436 2428 juvenesque
1468 2328 1805 2430 Aquilone
1839 2328 2040 2403 creati

288 2443 635 2541 Virgineas
665 2441 966 2518 volucres
998 2442 1221 2519 miseri
1255 2441 1432 2518 senis
1468 2471 1583 2517 ore
1609 2443 1957 2540 fugarant3

292 2558 644 2660 Multaque
672 2558 969 2660 perpessi
1002 2557 1178 2633 claro
1212 2555 1340 2633 sub
1374 2559 1609 2633 Iasone
1629 2614 1648 2648 ‚
1677 2557 1942 2633 tandem
2395 2580 2426 2632 5

297 2677 730 2774 Contigerant
762 2675 1026 2779 rapidas
1057 2675 1281 2751 limosi
1308 2675 1640 2751 Phasidos
1671 2676 1902 2751 undas.
1929 2673 1964 2762 ⁴„

220 2953 226 2966 .
362 2891 542 2945 1-158.
576 2891 743 2944 Jasoae
765 2897 820 2942 et
846 2893 1011 2945 vellus
1031 2910 1236 2944 autenm
1257 2896 1312 2943 e!

298 2970 528 3022 maleam
539 2971 594 3020 in
607 2973 832 3035 patriam
845 2975 1117 3034 reportans.
1127 2970 1310 3021 Medea

298 3046 507 3101 Jasonis
545 3064 724 3098 amore
762 3044 994 3114 capitur,
1022 3045 1313 3115 prasertim

300 3124 452 3178 obvia
473 3123 523 3178 ei
550 3124 681 3177 sacta
699 3144 712 3186 ;
729 3132 813 3189 et,
830 3122 919 3175 ubi
942 3141 971 3176 a
993 3121 1167 3191 jurato
1188 3141 1315 3192 pro-

301 3204 453 3257 missa
476 3202 708 3271 coniugii
742 3202 968 3272 aceepit,
998 3212 1231 3256 cantatas
1264 3202 1314 3256 ei

300 3280 488 3334 herbas
514 3280 709 3351 prebet
727 3318 742 3346 ‚
765 3298 993 3348 quarum
1011 3297 1111 3350 ope
1139 3290 1316 3335 tauros

301 3359 551 3429 tripedes
586 3360 867 3430 ignemque
907 3369 1183 3412 vomentes
1205 3358 1316 3412 do-

304 3446 445 3503 mat,
469 3435 696 3490 domitos
714 3437 839 3507 jugo
859 3437 1141 3505 supponit,
1159 3448 1318 3505 atque

301 3514 359 3568 in
386 3533 570 3584 agrum
605 3513 842 3584 vipereos
876 3512 1063 3568 dentes
1085 3513 1279 3582 spargit
1299 3552 1316 3579 ,

303 3590 447 3645 unde
464 3591 561 3646 seri
578 3590 838 3658 homines,
851 3610 1081 3661 quorum
1094 3591 1316 3657 rabiem,

305 3669 464 3722 misso
499 3667 704 3739 lapide,
729 3688 761 3722 a
794 3689 849 3723 se
883 3669 940 3721 in
974 3670 1112 3738 ipsos
1146 3669 1318 3721 vertit.

306 3747 552 3801 Tandem
576 3746 761 3801 iisdem
775 3746 948 3801 herbis
962 3758 1014 3800 et
1031 3747 1319 3800 draconem

308 3825 594 3879 terribilem
619 3826 769 3896 sopit.
795 3824 883 3879 Sic
906 3843 1030 3877 cum
1052 3824 1241 3877 vellere
1264 3833 1321 3876 et

306 3902 505 3956 Medea
521 3902 685 3957 Jason
710 3903 765 3957 in
790 3903 1014 3972 patriam
1034 3901 1187 3955 redit.
1205 3901 1320 3955 No-

306 3982 422 4035 bilis
442 3983 564 4035 satis
590 3992 644 4035 et
675 4000 929 4052 perquam
954 3981 1093 4035 utilis
1115 3998 1323 4034 cosmo-

309 4059 537 4131 grapbiae
550 4099 565 4126 ‚
581 4060 803 4115 nautica
822 4062 919 4114 arti
941 4071 996 4115 et
1016 4070 1323 4115 mercatura

308 4137 618 4193 Graecorum
644 4138 901 4208 expeditio
918 4138 1166 4194 Colchica
1179 4178 1195 4206 ,
1208 4158 1325 4193 sus-

309 4229 461 4289 cepta
477 4237 505 4272 a
523 4218 718 4274 Jasone
736 4258 752 4286 ,
769 4219 1140 4274 Thessalorum
1158 4219 1290 4273 duce
1306 4259 1323 4288 ,

192 4303 199 4310 '
311 4315 455 4350 anno
475 4296 736 4352 1253ante
753 4316 839 4353 ετ.
859 4296 1121 4366 Chr.;sed
1137 4298 1326 4353 eadem

1404 2887 1589 2943 sabulis
1607 2885 1741 2940 adeo
1757 2885 1992 2940 involuta
2006 2923 2021 2953 ,
2043 2896 2133 2952 ut,
2157 2886 2286 2955 quid
2313 2887 2422 2941 veri

1405 2965 1569 3020 subsit
1591 3002 1606 3030 ‚
1650 2963 1734 3016 vix
1774 2963 2022 3017 constitui
2065 2974 2212 3017 certo
2254 2965 2428 3035 possit.

1411 3042 1555 3096 Vere
1580 3040 1724 3095 haud
1746 3040 1904 3095 dubie
1925 3039 2090 3095 ductu
2109 3044 2311 3112 antiqui
2334 3062 2431 3098 cu·-

1409 3120 1618 3190 jusdam
1631 3120 1895 3191 scriptoris
1908 3132 2094 3176 monet
2108 3120 2348 3176 Eustath.
2361 3121 2429 3175 nd

1411 3202 1636 3277 Dionys.
1663 3203 2158 3277 Periegaersfflq,
2174 3211 2431 3259 mercatu-

1410 3301 1484 3338 m
1508 3283 1836 3353 potissimum
1852 3302 2004 3338 causa
2029 3283 2432 3353 patefaceresibi

1410 3360 1635 3415 voluisse
1652 3359 1866 3416 Grecos
1885 3362 2122 3415 Pontum
2141 3360 2432 3427 Euxinum,

1411 3438 1674 3508 classeque
1698 3440 1949 3494 instructa
1972 3439 2068 3493 sibi
2099 3457 2283 3509 parare
2315 3457 2435 3492 em-

1413 3516 1560 3585 poria
1569 3514 1876 3585 quodamin
1890 3513 2290 3569 colel-idemne}
2307 3525 2432 3568 sunt

1414 3602 1586 3662 poete
1602 3632 1620 3659 ,
1642 3592 1734 3661 qui
1755 3592 1893 3647 bane
1916 3590 2309 3661 expeditionem
2325 3609 2433 3644 car-

1414 3669 1649 3725 minibus
1686 3670 1795 3725 suis
1828 3670 2176 3724 celebrarunt.
2210 3669 2297 3723 De
2335 3668 2434 3722 bae

1414 3757 1593 3802 nostra
1631 3747 1732 3802 sab.
1770 3747 1954 3801 confer
1991 3747 2213 3802 Heroid.
2249 3746 2329 3800 Vl
2376 3755 2431 3799 et

1416 3827 1559 3894 x¹13
1590 3826 1792 3901 Hygin-
1818 3827 1920 3880 sab.
1943 3846 1999 3879 αι
2023 3867 2039 3894 ,
2072 3832 2162 3891 253
2192 3825 2434 3898 Apollod.

1418 3903 1477 3972 1,
1507 3920 1601 3974 ιι,
1637 3908 1716 3960 23.
1749 3905 1944 3961 Noster
1976 3905 2232 3975 plurimus
2265 3915 2344 3959 est
2376 3905 2432 3957 in

1416 3984 1628 4039 Medea
1660 4003 1841 4040 amore
1873 3984 2440 4053 notanda—Jamque

1403 4062 1594 4132 fretam
1620 4074 1717 4118 ete.
1743 4064 1917 4120 Nesus
1937 4082 2090 4117 causa
2110 4061 2349 4132 quodam
2367 4061 2433 4115 de

1415 4141 1607 4195 itinere
1636 4143 2065 4211 Argonautarum
2095 4140 2436 4213 premittun-

1418 4228 1508 4273 tur
1522 4257 1538 4286 ,
1553 4218 1648 4273 sed
1671 4219 1990 4274 brevissime.
2008 4221 2306 4292 —m'nsae,
2328 4218 2437 4273 Ar-

1419 4308 1662 4367 gonauta
1679 4335 1694 4365 ,
1717 4316 1949 4368 quorum
1973 4297 2184 4370 plurimi
2215 4307 2270 4352 et
2299 4315 2435 4368 pre-
