3217 5134
592 2119 687 2214 xl

741 550 829 617 60

1286 548 1367 613 P.
1433 544 1811 615 OVIDII
1865 540 2336 612 NASONIS

741 692 836 764 Et
870 716 1015 790 quae
1050 687 1429 763 deciderant
1460 685 1690 789 patula
1719 685 1908 760 Jovis
1941 685 2179 760 arbore
2214 682 2508 780 glandes.

739 814 880 885 Ver
911 828 1050 885 erat
1080 828 1431 898 aeternum‚
1468 809 1844 911 placidique
1879 806 2261 909 tepentibus
2298 805 2476 879 auris

746 935 1140 1010 Mulcebant
1171 935 1456 1036 Zephyri
1486 952 1683 1008 natos
1715 933 1856 1007 sine
1891 931 2138 1007 semine
2172 931 2388 1005 flores,

748 1059 917 1132 Mox
951 1058 1144 1133 etiam
1178 1058 1404 1155 finges
1437 1057 1636 1132 tellus
1667 1057 1918 1132 inarata
1948 1056 2204 1130 ferebat
2232 1084 2250 1144 ;

744 1182 887 1255 Nec
913 1199 1268 1257 renovatus
1303 1210 1458 1277 ager
1491 1180 1776 1277 gravidis
1813 1178 2092 1254 canebat
2122 1177 2363 1252 aristis.

2789 1209 2878 1245 110

752 1304 1060 1381 Flumina
1088 1306 1222 1405 jam
1257 1304 1445 1379 lactis
1469 1365 1485 1394 ‚
1514 1305 1651 1403 jam
1683 1303 1954 1378 flumina
1987 1300 2271 1377 nectaris
2301 1299 2525 1385 ibant3

825 1534 845 1567 ι
855 1514 938 1567 06.
949 1515 1150 1566 Palula.
1166 1509 1447 1564 Arridebat
1458 1509 1627 1564 Burrn
1633 1527 1775 1562 anno

757 1612 789 1644 e
807 1590 942 1645 Cod.
965 1589 1173 1644 Heinsii
1192 1630 1208 1657 ,
1233 1593 1379 1656 larga
1394 1630 1408 1651 ‚
1435 1588 1468 1642 i.
1486 1607 1532 1642 e.
1547 1588 1775 1658 benigne

756 1669 954 1723 victum
985 1668 1303 1721 ministrans.
1326 1695 1394 1708 -
1415 1669 1607 1720 Patala
1622 1706 1636 1727 ,
1661 1683 1778 1733 que

754 1765 930 1800 ramos
955 1745 1055 1799 late
1072 1744 1338 1798 diffundit.
1351 1771 1419 1785 -·-
1430 1747 1575 1796 Jovis
1587 1746 1778 1796 arbore.

759 1824 1000 1894 Quercu,
1018 1827 1314 1890 Joot'aacra,
1330 1824 1408 1876 uti
1420 1823 1599 1876 laurus
1611 1821 1777 1890 Apol-

754 1906 877 1965 lini,
905 1905 1122 1957 Herculi
1136 1902 1357 1972 populus
1376 1941 1392 1967 ,
1423 1898 1775 1953 Marle'sraxi-

756 2001 876 2047 nus,
893 1983 1191 2035 etffl‘nervae
1203 1980 1335 2047 olea,
1354 1977 1775 2047 etc-Ede--Ergo

759 2078 986 2128 quernas
1017 2057 1232 2130 glandes
1263 2058 1587 2112 devorarunt
1617 2054 1775 2126 primi

758 2136 1000 2192 homines
1021 2160 1034 2202 ;
1086 2156 1203 2208 quae
1242 2155 1367 2192 sane
1411 2136 1511 2189 suit
1551 2135 1777 2204 vulgaris

762 2217 1026 2270 Veterum
1050 2216 1246 2286 opinio.
1273 2216 1457 2285 ltaque
1478 2214 1611 2268 etin
1639 2212 1777 2267 Am-

761 2294 1054 2347 barvalibus
1087 2311 1347 2362 quer-narn
1386 2309 1642 2346 coronam
1677 2310 1780 2361 ge·-

762 2371 953 2425 rebant
983 2372 1039 2422 in
1068 2369 1224 2438 hujus
1249 2371 1414 2423 victua
1436 2369 1781 2422 memoriam:

764 2449 916 2518 Virg.
952 2446 1145 2518 Georg.
1191 2447 1251 2514 Ι,
1292 2447 1407 2500 350.
1445 2446 1555 2500 Sed
1589 2448 1784 2500 merito

767 2525 1036 2579 dubitatur
1056 2564 1071 2590 ‚
1111 2544 1178 2579 an
1204 2543 1420 2594 quernae
1443 2522 1657 2594 glandes
1689 2524 1786 2576 ali-

766 2614 947 2657 menta
982 2603 1249 2672 praebeant
1281 2602 1519 2655 humano
1556 2602 1784 2672 corpori.

770 2680 938 2734 Error
973 2681 1087 2733 sine
1126 2678 1287 2732 dubio
1322 2678 1447 2733 inde
1486 2689 1634 2733 ortus
1669 2690 1747 2732 est
1769 2717 1784 2745 ,

769 2756 910 2828 quod
918 2762 1122 2827 gland&
1135 2768 1189 2812 et
1197 2760 1397 2827 βαλάνου
1409 2757 1484 2811 vis
1499 2757 1651 2811 latius
1661 2756 1788 2810 olim

770 2836 937 2906 patuit
952 2876 968 2903 ,
1001 2855 1288 2906 omnesque
1300 2837 1500 2889 fructus
1521 2833 1788 2888 echinatoa

770 2915 1038 2983 complexa
1054 2926 1131 2968 est
1156 2913 1306 2967 :vide
1325 2913 1563 2968 Dioscor.
1586 2913 1613 2966 1
1627 2951 1643 2980 ,
1668 2912 1788 2979 126,

774 2991 863 3044 ubi
891 2993 1031 3045 inter
1050 2992 1147 3045 alia
1174 2991 1368 3058 tradit,
1394 2999 1666 3046 castaneas
1690 2988 1792 3042 dici

776 3074 882 3130 Διός
909 3071 1159 3134 βαλάνουςς
1194 3072 1258 3123 cs.
1296 3070 1570 3124 Pausania
1596 3066 1787 3121 Arcad-

773 3170 825 3221 p.
859 3152 973 3222 599.
1007 3147 1193 3201 Kuhn.
1227 3149 1404 3220 Atque
1440 3149 1601 3202 etiam
1632 3146 1794 3200 bodie

773 3229 831 3280 in
850 3226 1003 3280 terris
1019 3226 1324 3280 australibus
1340 3246 1505 3297 genus
1523 3224 1793 3295 quoddam

776 3304 1048 3376 glandium
1070 3304 1327 3371 nascitur,
1353 3305 1539 3374 quibus
1558 3304 1703 3356 tostis
1723 3303 1794 3355 lo·

774 3404 837 3440 co
864 3394 1225 3439 castanearum
1257 3391 1483 3435 utuntur
1513 3379 1653 3433 nid.
1690 3379 1795 3434 Go-

779 3473 921 3534 guet.
936 3482 1048 3516 vom
1068 3462 1352 3529 Urspnmge
1364 3463 1454 3514 der
1469 3462 1687 3513 Geselze
1697 3468 1796 3511 etc.

780 3560 829 3608 p.
855 3541 907 3605 1,
934 3542 1023 3595 lib.
1040 3562 1085 3595 α.
1110 3560 1160 3610 p.
1185 3543 1246 3611 57
1262 3559 1374 3609 sqq.
1405 3537 1624 3607 Scripsit
1638 3537 1797 3591 etiam

782 3621 1062 3674 Leisnerus
1086 3638 1261 3689 progr.
1286 3620 1350 3673 de
1373 3615 1721 3672 Glandivoris.

853 3719 960 3769 ¹⁰7-
996 3701 1051 3751 V
1041 3706 1221 3751 encra!
1228 3706 1458 3751 aternum
1473 3708 1570 3750 etc.
1586 3695 1666 3749 Ex
1680 3693 1799 3764 phi-

782 3776 1127 3846 losophorum
1152 3776 1414 3830 sententia
1430 3816 1446 3842 ,
1487 3794 1646 3845 quam
1666 3793 1800 3831 sua·-

785 3858 995 3911 vissime
1035 3855 1279 3910 describit
1304 3856 1449 3925 Virg.
1486 3853 1682 3921 Geor-g.
1709 3852 1798 3919 11,

787 3936 886 3991 336
908 3954 1018 4006 sqq.
1033 3974 1048 4002 ,
1069 3932 1468 3990 natatesmundi
1494 3935 1551 3986 in
1574 3948 1802 3986 vernum

788 4026 996 4084 tempus
1029 4014 1360 4080 incidebant,
1401 4010 1561 4081 idque
1596 4022 1803 4080 tempus

787 4092 994 4146 duravit
1011 4113 1104 4165 per
1121 4103 1293 4147 totum
1314 4092 1549 4147 seculum
1565 4109 1803 4146 aureum.

796 4175 899 4225 Ver
916 4176 1176 4225 assiduum
1207 4182 1287 4225 est
1313 4171 1462 4241 Virg.
1485 4170 1680 4242 Geor-g.
1711 4169 1766 4222 II
1786 4210 1802 4238 ,

791 4253 915 4324 149;
936 4254 1231 4319 verlongnm
1249 4251 1383 4304 Hor.
1403 4251 1477 4317 11,
1495 4249 1603 4304 Od.
1625 4266 1706 4316 vx,
1731 4271 1748 4303 ι
1761 4271 1804 4321 7.

857 4331 965 4384 108.
1000 4333 1225 4401 Zephyri
1249 4331 1467 4385 comites
1488 4339 1614 4383 suut
1636 4330 1807 4385 Veris.

1869 1534 1938 1550 --
1976 1508 2270 1561 Mulcebaul
2288 1546 2303 1570 ,
2348 1504 2536 1559 leviter
2582 1502 2846 1573 agitabant
2869 1541 2885 1570 ,

1870 1589 1977 1642 huc
1990 1598 2045 1643 et
2059 1587 2180 1641 illuc
2194 1586 2479 1640 movebant
2493 1583 2666 1637 flores.
2682 1583 2820 1637 Fast.
2837 1582 2886 1647 1,

1871 1668 1930 1721 61
1956 1709 1972 1736 ,
2008 1679 2198 1722 ventus
2229 1671 2412 1720 mulce!
2433 1682 2656 1719 summas
2684 1667 2887 1716 aristas.

1881 1752 2046 1817 Tepor
2053 1749 2304 1803 convenit
2320 1745 2597 1817 temperiei
2611 1744 2743 1798 aeris
2760 1761 2889 1795 ver-

1873 1828 1947 1880 ni.
1961 1826 2099 1881 Pliu.
2117 1827 2194 1893 11,
2215 1826 2312 1895 Ep.
2329 1842 2469 1890 xvn,
2483 1824 2516 1878 3
2534 1862 2550 1889 ‚
2566 1829 2733 1890 tepore
2743 1838 2891 1872 verno

1871 1910 2134 1959 nitescunt.
2162 1903 2394 1958 Causam
2418 1901 2552 1954 illius
2571 1898 2767 1971 teporis
2780 1895 2891 1950 red·

1873 1982 1952 2036 dit
1969 1981 2175 2037 Lucret.
2189 1983 2263 2049 V,
2280 1982 2401 2035 816:
2417 1979 2499 2034 At
2512 1983 2710 2032 novilas
2721 1977 2898 2029 mundi

1871 2081 1965 2115 nec
1979 2059 2186 2129 frigora
2208 2063 2336 2114 dura
2365 2062 2535 2112 ct‘eba!
2553 2067 2650 2111 etc.
2685 2083 2752 2097 ·—
2777 2057 2892 2108 Sine

1870 2144 2073 2201 semine,
2098 2140 2213 2192 sine
2229 2156 2353 2192 cura
2369 2136 2652 2190 hominum
2672 2154 2688 2188 ·.
2705 2132 2889 2203 virgil.

1877 2217 2070 2290 Georg.
2083 2219 2109 2272 l
2123 2257 2138 2285 ,
2169 2238 2256 2285 aa,
2290 2236 2389 2270 non
2401 2219 2504 2269 ullo
2515 2214 2890 2283 sem’ucsruyes.

1877 2297 1934 2350 H
1938 2314 2011 2350 aec
2031 2307 2157 2350 aunt
2175 2296 2378 2363 injussa
2393 2298 2641 2362 eranum.

1949 2394 2060 2447 ¹09·
2088 2375 2219 2426 Mox
2251 2392 2362 2425 non
2398 2370 2650 2441 temporis
2678 2387 2892 2424 succes-

1878 2451 2306 2517 sionemindicat,
2322 2449 2415 2505 sed
2427 2449 2796 2503 continuatum
2809 2466 2895 2499 or·

1880 2531 2061 2584 dinem
2078 2568 2093 2594 ‚
2118 2529 2262 2583 idem
2286 2546 2443 2599 quam
2467 2538 2733 2598 praeterea.
2760 2523 2894 2577 Vide

1882 2607 2145 2664 Schwarz.
2159 2606 2223 2660 ad
2241 2605 2677 2670 Plin.Pan.v111,
2694 2604 2741 2656 6.
2755 2602 2896 2656 Male

1882 2685 2042 2756 igitur
2059 2685 2280 2739 Lenzius
2293 2694 2480 2738 monet
2494 2724 2509 2751 ,
2529 2681 2786 2737 Ovidium
2800 2679 2900 2732 hoc

1884 2765 2111 2837 posuisse
2128 2804 2143 2831 ,
2179 2765 2302 2834 quia
2309 2763 2497 2833 fruges
2520 2762 2684 2815 serius
2719 2770 2900 2813 matu-

1883 2853 2098 2898 rescunt
2130 2842 2359 2897 floribus.
2403 2842 2589 2912 Neque
2624 2838 2771 2892 idem
2805 2856 2901 2890 non

1886 2930 2152 2977 renouatus
2165 2932 2306 2976 recte
2324 2920 2539 2989 explicat
2552 2959 2569 2988 ,
2588 2936 2698 2971 non
2717 2926 2903 2970 arania.

1958 3023 1980 3055 ι
1993 3022 2068 3056 ιο.
2092 3003 2201 3054 Nec
2212 3005 2475 3054 renovatus
2485 3017 2619 3064 ager.
2636 2996 2812 3049 Immo
2831 3013 2906 3047 n·-

1889 3087 2099 3135 novalus
2121 3100 2246 3150 ager
2264 3090 2342 3134 est
2363 3077 2562 3132 novalis
2579 3116 2595 3142 ,
2624 3076 2714 3146 qui
2738 3075 2903 3129 alter-

1889 3160 1972 3213 nis
1995 3159 2146 3212 annis
2166 3167 2314 3211 vacat
2332 3167 2387 3210 et
2403 3165 2644 3209 novatur.
2671 3153 2902 3207 Sensus:

1892 3234 2121 3305 Singulis
2144 3235 2294 3288 annis
2321 3253 2413 3288 sua
2433 3243 2621 3305 sponte
2645 3250 2769 3301 ager
2790 3231 2904 3283 sru-

1891 3323 2074 3367 menta
2097 3311 2295 3366 serebat
2311 3353 2325 3374 ‚
2353 3331 2454 3365 nec
2475 3321 2613 3374 erat,
2639 3329 2734 3363 cur
2756 3308 2905 3362 alter·

1892 3391 1975 3445 nis
2011 3400 2247 3444 cessaret.
2282 3417 2349 3430 —
2374 3390 2626 3451 Canebat,
2663 3386 2906 3459 exprimit

1895 3470 2208 3525 albicantem
2243 3471 2431 3541 segetis
2471 3467 2718 3523 colorem.
2759 3466 2907 3537 Virg.

1895 3549 2008 3605 Ecl-
2035 3549 2115 3603 lv
2134 3589 2149 3617 ,
2177 3550 2240 3603 28
2259 3589 2274 3617 ,
2313 3567 2421 3601 non
2451 3547 2628 3602 minus
2651 3555 2869 3599 venuste
2892 3581 2908 3609 ‚

1895 3632 2044 3683 molli
2057 3631 2310 3698 flavescet
2351 3644 2557 3694 campus
2600 3629 2780 3678 arista.
2834 3622 2914 3676 Ita

1895 3727 2039 3762 canae
2060 3712 2230 3760 arista
2243 3746 2257 3772 ,
2284 3705 2364 3759 Vl
2381 3743 2396 3771 ‚
2419 3704 2531 3772 456.
2546 3730 2614 3745 -
2641 3703 2881 3754 Gravidis
2899 3738 2915 3766 ,

1898 3786 2066 3856 plenis
2080 3802 2386 3856 granorum,
2405 3791 2482 3849 ut,
2501 3781 2605 3848 111,
2621 3780 2720 3832 665
2734 3819 2749 3847 ,
2781 3781 2919 3831 Gra*-

1897 3865 2030 3917 as‘dalr
2050 3858 2602 3934 corymbis-:Ceterum
2620 3875 2713 3910 sua
2729 3864 2919 3927 sponte

1899 3940 2027 3994 olim
2040 3942 2309 3993 frumenta
2326 3948 2449 3991 nata
2461 3955 2569 3990 esse
2585 3953 2796 3988 necesse
2815 3943 2917 3986 est:

1898 4019 2004 4073 vid.
2043 4019 2221 4090 Heyn.
2262 4018 2320 4071 in
2355 4015 2553 4087 Opusc.
2596 4010 2757 4067 Acad.
2792 4022 2829 4064 t.
2858 4010 2882 4063 1
2903 4049 2918 4077 ,

1902 4119 1952 4169 p.
1975 4098 2073 4171 339
2094 4116 2206 4168 sqq.
2659 4169 2672 4182 ·

1974 4197 1995 4229 1
2009 4197 2029 4228 1
2040 4196 2060 4228 ι
2070 4173 2434 4241 ‚Hume'najam
2440 4175 2606 4225 Iac-1125.
2616 4169 2707 4224 Sic
2716 4169 2923 4239 eloque-

1901 4253 2096 4306 bantur
2109 4262 2310 4305 veteres
2322 4268 2573 4320 magnam
2588 4247 2734 4301 lactis
2746 4257 2800 4300 et
2813 4244 2919 4299 vini

1904 4332 2108 4402 copiam
2123 4371 2139 4399 ,
2167 4348 2267 4400 qua
2293 4340 2532 4399 tempore
2557 4344 2718 4380 aureo
2741 4343 2922 4378 vacca-
