3217 5134
808 575 893 645 70

1361 557 1440 622 Ρ.
1505 555 1866 626 OVIDII
1913 558 2370 628 NASONIS

803 692 1252 795 Regalemque
1288 695 1560 770 domum
1600 726 1616 769 ε
1654 696 1882 773 dextra
1911 697 2202 800 laevaque
2236 701 2534 776 Deorum

807 817 1002 890 Atria
1034 817 1364 892 nobilium
1400 818 1603 894 valvis
1638 819 2059 898 celebrantur
2091 823 2357 923 apertis.

807 931 1008 1006 Plebs
1041 934 1350 1011 habitant
1383 936 1638 1012 diversa
1669 936 1836 1013 locis
1868 969 1882 1011 :
1923 967 1958 1013 a
1993 938 2214 1014 fronte
2246 957 2555 1042 potentes

810 1048 1165 1142 Caelicolae,
1209 1051 1499 1154 clarique
1533 1084 1695 1129 suos
1728 1084 2013 1157 posuere
2046 1075 2339 1157 penates,

806 1165 937 1240 Hic
973 1165 1161 1242 locus
1197 1185 1300 1243 est
1323 1224 1342 1256 ,
1383 1198 1580 1270 quem
1600 1228 1620 1260 ,
1655 1171 1712 1244 si
1750 1172 1971 1246 verbis
2003 1172 2274 1247 audacia
2307 1171 2504 1247 detur
2527 1229 2545 1262 ,

805 1357 1195 1412 accommodate
1222 1357 1286 1412 ad
1312 1378 1487 1413 mores
1509 1362 1668 1415 Rom.
1693 1361 1825 1416 dixit

804 1441 940 1487 αἰτίαν
961 1438 1274 1488 celebrantur
1291 1448 1388 1491 etc.
1418 1458 1431 1499 ;
1473 1439 1517 1492 is
1545 1439 1691 1492 enim
1714 1439 1827 1493 ho-

807 1533 910 1566 nor
928 1514 1114 1567 Romae
1136 1515 1397 1570 nobilibus
1412 1515 1593 1570 haberi
1614 1518 1828 1572 solebat.

880 1613 898 1644 ι
910 1592 985 1661 73.
1000 1594 1166 1646 Plebs.
1184 1602 1404 1662 Δαίμενες
1422 1600 1636 1672 δεύτεροι,
1650 1596 1681 1648 ἶ.
1696 1615 1740 1649 e.
1754 1616 1831 1648 se·

807 1669 969 1724 cundi
983 1669 1181 1725 ordinis
1195 1693 1207 1725 ε
1221 1671 1515 1727 videGraev.
1528 1673 1591 1726 ad
1613 1671 1828 1727 Hesiod.

805 1740 918 1822 ‘'31⁵⁷-
952 1750 1058 1816 ¹4¹·
1086 1750 1164 1802 Ut
1190 1750 1375 1804 Romae
1401 1749 1601 1804 nobiles
1629 1762 1682 1804 et
1707 1751 1830 1820 ple-

807 1825 941 1892 beii,
969 1827 1041 1880 sic
1065 1829 1226 1881 etiam
1253 1831 1309 1882 in
1330 1828 1472 1882 caelo.
1495 1828 1621 1884 Non
1651 1839 1830 1882 autem

809 1902 1031 1958 debebat
1056 1909 1190 1961 verti
1206 1913 1297 1961 der
1314 1911 1513 1961 Poebel.
1540 1906 1625 1961 Ad
1634 1912 1830 1975 plebem

804 2003 837 2036 a
852 1985 1046 2038 Nostro
1060 1984 1113 2038 in
1134 1987 1210 2041 lb.
1226 1989 1305 2041 81.
1319 1989 1627 2041 reseruntur
1638 1988 1826 2051 Fauni,

807 2061 983 2135 Satyri
1002 2103 1016 2131 ,
1041 2065 1306 2138 Nympbae
1322 2107 1339 2134 ‚
1365 2066 1632 2132 Semidei;
1661 2067 1751 2120 sed
1773 2067 1830 2120 hi

804 2161 928 2195 mox
943 2183 958 2210 ‚
988 2164 1121 2198 vers.
1143 2166 1232 2218 ¹9²
1251 2166 1288 2200 s.
1316 2147 1379 2199 ab
1396 2166 1457 2199 ea
1485 2146 1831 2218 distinguun-

805 2234 926 2287 tur-3
957 2223 1194 2278 habitant
1230 2227 1376 2279 enim
1400 2228 1455 2279 in
1486 2229 1654 2281 terris.
1682 2227 1831 2280 Inter

805 2302 943 2357 cives
968 2302 1240 2358 Romanos
1274 2306 1520 2359 nonnulli
1545 2317 1699 2359 erant
1720 2326 1830 2373 po-

803 2385 981 2443 tentes,
1003 2380 1234 2433 valentes
1250 2382 1414 2449 gratia
1431 2393 1484 2435 et
1499 2383 1826 2446 auctoritate,

807 2466 965 2525 atque
1000 2461 1136 2510 clari
1158 2457 1238 2510 vel
1272 2459 1528 2512 natalibus
1560 2459 1641 2512 vel
1674 2461 1830 2513 rebus

809 2535 977 2603 gestis.
1014 2534 1150 2589 Vide
1180 2534 1331 2590 cort.
1361 2537 1427 2590 ad
1465 2538 1671 2592 Sallust.
1710 2536 1829 2593 Cat.

809 2612 873 2665 38
890 2652 905 2679 ,
939 2633 977 2666 1.
997 2612 1106 2665 Sed
1121 2613 1174 2667 hi
1201 2614 1290 2667 Dii
1295 2624 1525 2682 potentes
1546 2615 1830 2670 differunt-

806 2711 876 2745 ne
912 2711 940 2745 a
968 2697 1221 2747 nobilibus
1235 2735 1248 2756 ,
1297 2714 1588 2765 eorumque
1619 2704 1831 2764 penates

808 2771 872 2824 ab
910 2771 1122 2825 illorum
1164 2773 1347 2827 atriis?
1395 2774 1472 2827 Ea
1507 2774 1689 2843 opinio
1730 2774 1831 2828 suit

805 2850 998 2919 Rodii,
1035 2852 1124 2922 qui
1149 2852 1342 2906 Jovem
1366 2864 1420 2906 et
1443 2854 1721 2907 Junonem
1744 2853 1831 2907 bic

805 2929 1026 3001 intelligi
1063 2933 1288 2983 monuit.
1331 2931 1439 2984 Sed
1477 2950 1588 2984 non
1626 2933 1699 2984 ita
1734 2940 1826 2985 est.

808 3008 985 3061 Antea
1033 3011 1258 3061 dextram
1303 3012 1575 3077 levamque
1621 3020 1827 3063 tantum

805 3096 1314 3140 commemoraverat
1341 3097 1530 3157 poeta;
1575 3088 1682 3157 jam
1716 3086 1827 3141 loca

810 3165 1099 3219 accuratius
1142 3164 1328 3219 definit
1362 3181 1376 3215 ε
1407 3169 1560 3219 Plebs
1593 3170 1833 3219 habitant

806 3248 1005 3297 diversa
1017 3248 1163 3309 locelr,
1179 3243 1392 3297 diversis
1403 3244 1526 3297 loeis
1539 3244 1696 3314 (vers.
1712 3242 1824 3314 4ο),

804 3321 898 3376 sed
913 3325 1108 3374 nobiles
1124 3341 1217 3375 seu
1226 3327 1457 3388 polentes
1470 3323 1683 3390 astante
1697 3363 1710 3384 ‚
1737 3323 1828 3375 sci·

805 3399 929 3454 licet
952 3400 1136 3471 regalis
1160 3399 1364 3453 domus.
1396 3395 1550 3453 Adeo
1571 3400 1827 3454 insueve-

805 3489 889 3531 rat
908 3518 922 3546 ,
959 3485 1172 3546 penales
1209 3476 1275 3530 de
1316 3475 1477 3529 domo
1509 3475 1682 3530 dicere
1701 3515 1715 3543 ,
1766 3486 1828 3530 ut

806 3567 961 3626 poeta
988 3575 1132 3609 nunc
1155 3556 1315 3610 etiam
1339 3554 1403 3607 ad
1430 3555 1674 3607 Deorum
1695 3554 1826 3623 ipso·

804 3655 929 3688 rum
956 3636 1142 3689 domos
1165 3634 1602 3690 transtuleritzcs.
1632 3655 1679 3688 v.
1714 3637 1824 3705 775.

806 3742 876 3756 ·-
895 3717 1083 3769 Ponere
1098 3715 1283 3768 domos
1299 3755 1314 3782 ,
1347 3712 1603 3777 condere3
1641 3713 1825 3768 Graece

806 3797 973 3849 θέσθαι
987 3800 1144 3853 οἰκίας.
1159 3822 1225 3833 -
1242 3795 1473 3861 clarique
1491 3811 1611 3846 suos
1615 3812 1827 3861 posuere

797 3878 1025 3941 penales.
1039 3871 1146 3925 Hic
1155 3881 1231 3924 est
1249 3869 1441 3940 aliquid
1459 3869 1600 3941 quod
1619 3891 1647 3924 a
1660 3873 1827 3925 nemi·

807 3969 874 4004 ne
913 3949 1336 4004 animadversum
1366 3951 1519 4004 fuisse
1556 3949 1823 4018 demiror,

803 4048 999 4097 nempe
1021 4068 1036 4095 ,
1045 4034 1278 4094 potentes
1290 4031 1545 4098 clarique5
1572 4039 1626 4082 et
1647 4039 1825 4083 tamen

806 4107 920 4175 quis
944 4106 1046 4160 hoc
1067 4108 1200 4161 serat
1220 4147 1235 4174 ‚
1261 4106 1360 4160 nisi
1393 4107 1482 4176 qui
1506 4107 1653 4162 omni
1668 4126 1827 4161 sensu

806 4183 1053 4236 carminis
1075 4195 1248 4238 careat
1273 4194 1326 4237 et
1349 4184 1433 4238 cu'i
1463 4204 1544 4237 res
1571 4205 1601 4238 a
1630 4169 1824 4254 judicio

806 4260 943 4336 male
979 4260 1212 4314 babeat?
1255 4261 1358 4315 Alii
1383 4262 1596 4316 sortasse
1638 4262 1825 4316 melius

804 4338 1130 4407 conjecerim
1154 4349 1208 4392 et
1226 4338 1358 4396 mihi
1376 4340 1497 4393 satis
1528 4358 1639 4393 esse
1669 4339 1825 4394 debet

2852 1197 2940 1265 ¹7⁵

1925 1383 2165 1417 errorem
2185 1363 2460 1433 aperuisse.
2493 1362 2722 1433 Legebat
2741 1362 2941 1434 Tanaq.

1928 1441 2100 1495 Faber
2116 1482 2133 1510 ,
2162 1442 2326 1512 Epist.
2349 1458 2394 1494 n
2411 1481 2427 1508 ‚
2454 1441 2521 1515 69
2544 1460 2559 1494 :

2319 1559 2368 1571 ...
2394 1531 2576 1571 Afronte
2589 1539 2764 1583 potentes

1925 1607 2114 1646 caelicola·
2128 1606 2203 1645 tibi
2224 1607 2391 1658 quisque
2410 1618 2500 1644 suot
2520 1618 2683 1656 posuere
2705 1611 2878 1657 penates.

1928 1680 1987 1734 Si
2004 1682 2074 1735 ita
2094 1681 2208 1734 sine
2233 1679 2375 1733 libris
2399 1679 2616 1749 grassari
2641 1679 2724 1748 jus
2754 1679 2911 1732 suerit
2927 1720 2942 1747 ‚

1928 1759 2055 1829 quid
2082 1778 2191 1812 non
2216 1758 2476 1828 refingere
2498 1757 2672 1810 licebit
2694 1755 2758 1810 ad
2786 1776 2943 1811 suum

1927 1835 2202 1890 arbitrium
2227 1835 2251 1888 ?
2292 1835 2362 1888 Et
2392 1834 2492 1888 hoc
2528 1844 2605 1888 est
2635 1833 2943 1889 calumniari

1928 1911 2189 1966 'Veterum
2206 1911 2455 1981 loquendi
2472 1910 2911 1966 consuetudinem
2926 1952 2940 1970 ,

1928 1991 2016 2060 qui
2035 2010 2170 2060 saepe
2191 1989 2421 2059 epitheta
2438 1991 2559 2043 talia
2575 1990 2941 2062 geminabant,

1928 2087 2044 2139 quae
2067 2068 2225 2121 etiam
2246 2109 2260 2133 ,
2287 2067 2329 2121 si
2358 2067 2526 2137 arguti
2555 2086 2664 2120 esse
2689 2066 2943 2133 velimus,

1928 2146 2070 2199 inter
2099 2166 2155 2200 se
2189 2141 2399 2198 differre
2434 2144 2713 2198 ostendere
2746 2144 2943 2197 liceret.

1932 2229 2080 2279 Clari
2090 2226 2235 2279 enim
2254 2235 2379 2279 sunt
2396 2264 2411 2291 ,
2436 2225 2516 2277 vel
2542 2224 2610 2277 ob
2631 2223 2831 2277 nobiles
2849 2242 2945 2276 na-

1926 2303 2085 2372 tales,
2114 2303 2197 2356 vel
2223 2304 2290 2355 ob
2309 2322 2393 2356 res
2423 2313 2620 2373 gestas3
2643 2320 2821 2370 neque
2854 2311 2945 2354 ta-

1923 2403 2052 2437 men
2070 2382 2189 2436 ideo
2205 2384 2443 2453 sequitur
2460 2401 2646 2436 omnes
2662 2383 2824 2435 etiam
2842 2387 2947 2435 cla-

1924 2480 2009 2514 ros
2030 2481 2138 2514 esse
2152 2468 2384 2529 potentes
2400 2501 2413 2522 ,
2440 2459 2491 2512 id
2517 2471 2594 2512 est
2603 2465 2775 2527 graffio
2787 2470 2841 2512 et
2846 2479 2945 2527 po-

1924 2545 2085 2593 tentia
2112 2538 2302 2592 florere
2333 2538 2387 2591 in
2416 2537 2543 2591 aulis
2559 2577 2574 2604 ‚
2600 2537 2681 2590 vel
2707 2538 2942 2591 civitate:

1925 2617 1999 2672 sic
2021 2637 2149 2687 ergo
2167 2626 2307 2670 recte
2324 2615 2574 2685 distingui
2598 2627 2831 2685 possunt.
2845 2617 2945 2669 Po-

1925 2706 2085 2752 lenles
2118 2717 2245 2774 ergo
2284 2695 2373 2749 Dii
2413 2706 2537 2749 sunt
2568 2696 2716 2749 Jovis
2755 2695 2943 2761 amici,

1925 2778 2203 2833 consiliarii
2221 2800 2235 2842 ;
2272 2781 2408 2831 clari
2424 2816 2439 2843 ,
2466 2777 2555 2845 qni
2576 2775 2945 2844 antiquissimis

1924 2855 2041 2911 Diis
2076 2855 2273 2926 geniti,
2308 2874 2420 2907 non
2454 2873 2580 2907 vero
2615 2852 2859 2922 adscripti
2892 2863 2945 2906 et

1923 2937 2120 3005 recepti
2145 2946 2323 3005 postea
2350 2935 2401 2986 in
2431 2933 2650 2998 caelum,
2688 2932 2759 2985 dii
2787 2932 2943 2994 sacti;

1925 3021 1983 3064 ut
1999 3025 2170 3081 patres
2189 3013 2457 3068 minorum
2476 3010 2806 3078 etmajorum
2822 3029 2945 3081 gen·

1924 3092 2060 3144 tium
2080 3091 2268 3144 Romae
2292 3100 2459 3143 erant.
2482 3089 2680 3143 Bmtm.

1994 3190 2013 3222 ι
2025 3172 2101 3239 75.
2124 3171 2186 3223 Se·
2192 3172 2357 3222 verbis
2372 3170 2597 3221 audacia
2615 3169 2772 3219 delur.
2798 3165 2941 3219 Adu-

1920 3250 2045 3303 latio
2069 3250 2126 3302 in
2147 3248 2446 3318 Augustum
2463 3289 2478 3314 ,
2503 3249 2650 3316 cujus
2674 3246 2861 3300 domus
2884 3247 2943 3299 in.

1920 3340 2106 3381 monte
2141 3327 2382 3381 Palatino
2402 3330 2661 3381 Palatium
2687 3325 2823 3378 dicta
2850 3333 2942 3379 est.

1926 3404 2244 3460 Consti-ueta
2280 3417 2458 3459 autem
2488 3415 2599 3458 erat
2622 3423 2684 3457 ex
2706 3403 2941 3475 pluribus

1922 3482 2150 3536 aedificiis
2167 3482 2457 3537 minoribus
2474 3481 2529 3535 in
2555 3481 2711 3552 unius
2726 3482 2943 3534 maximi

1920 3560 2163 3631 speciem.
2207 3559 2278 3612 Et
2304 3560 2377 3613 sic
2404 3549 2695 3630 compara&
2719 3578 2841 3613 cum
2874 3577 2940 3610 eo

1920 3648 2129 3709 poterat
2143 3639 2356 3693 caelestis
2370 3638 2457 3691 illa
2473 3638 2635 3693 sedes.
2672 3638 2796 3693 Non
2815 3636 2944 3691 dixit

1921 3719 2066 3770 haud
2077 3720 2295 3771 dubitem
2309 3760 2321 3779 ‚
2347 3729 2407 3771 ut
2430 3717 2592 3771 MSS.
2612 3717 2827 3787 quidam
2848 3716 2941 3770 ha-

1922 3794 2050 3848 bent
2069 3834 2084 3860 ,
2113 3794 2203 3848 sed
2230 3794 2557 3848 reverentius
2579 3801 2796 3847 timeam.
2816 3796 2943 3848 Au·-

1920 3874 2123 3925 daciam
2147 3891 2296 3926 suam
2322 3883 2546 3940 excusat,
2561 3891 2691 3938 non,
2716 3881 2778 3925 ut
2798 3871 2943 3925 Len·-

1922 3949 2030 4002 zius
2061 3950 2308 4020 putabat,
2345 3960 2405 4002 ut
2440 3949 2760 4002 deteriorem
2793 3947 2943 4001 Jovis

1924 4024 2146 4080 domum
2180 4026 2373 4097 palatio
2400 4025 2624 4095 Augusti
2655 4025 2942 4079 declararet

1922 4104 2154 4170 (sordida
2179 4105 2324 4158 enim
2347 4104 2527 4158 suisset
2546 4105 2631 4158 illa
2654 4103 2938 4170 adulatio),

1916 4185 2010 4238 sed
2029 4186 2149 4254 quia
2172 4184 2365 4238 summi
2385 4184 2488 4237 Dei
2504 4184 2728 4238 domum
2745 4222 2759 4250 ,
2779 4201 2940 4253 quem

1921 4267 2069 4319 omni
2089 4264 2142 4318 h.
2163 4265 2196 4317 Ι.
2222 4264 2276 4318 in
2298 4264 2522 4317 maxima
2539 4265 2810 4332 majestate
2834 4260 2941 4315 col-

1919 4340 2056 4397 locat
2071 4381 2087 4411 ,
2112 4361 2236 4398 cum
2252 4343 2485 4396 humana
2500 4353 2557 4396 et
2566 4352 2775 4396 terrena
2788 4358 2939 4395 com·-
