3217 5134
540 538 678 608 DE
736 534 1074 605 OPERE
1122 528 2174 608 METAMoRPHosEoN.
2351 562 2428 634 ¹7

281 682 449 772 tias,
486 681 726 770 verba,
762 679 1087 775 imagines
1123 694 1191 754 et
1223 674 1478 780 reliqua
1516 697 1899 755 ornamenta
1924 736 1943 770 ‚
1979 697 2295 782 tanquam
2321 676 2461 782 ap-'

280 815 619 918 paritores
640 811 1133 915 paratissimoS‚
1163 810 1480 886 scribenti
1506 828 1751 913 praesto
1776 811 1999 886 fuisse.
2030 813 2282 886 Verum
2310 810 2440 885 tale

282 946 545 1044 ingenii
597 945 847 1021 flumen
901 943 1309 1019 lutulentum
1357 943 1691 1018 interdum
1729 943 2053 1032 decurrit,
2093 960 2440 1044 sortesque

286 1076 653 1156 nonnullas
692 1105 913 1153 secum
945 1074 1131 1151 vehit
1158 1132 1176 1165 ,
1231 1103 1396 1175 quas
1431 1102 1590 1151 cura
1624 1074 1914 1151 secunda
1947 1073 2178 1149 tollere
2215 1073 2435 1149 debet.

286 1213 547 1289 Nostro
587 1228 804 1286 autem
836 1238 959 1311 per
988 1209 1123 1282 fata
1153 1237 1295 1282 non
1326 1206 1515 1281 licuit
1560 1223 1914 1281 retractare
1937 1261 1956 1293 ,
2005 1234 2151 1306 quae
2183 1206 2441 1308 primus

286 1345 545 1444 ingenii
578 1344 869 1447 impetus
898 1342 1192 1432 fuderat3
1226 1342 1402 1417 forte
1439 1340 1603 1417 etin
1640 1341 2041 1443 quibusdam
2065 1341 2445 1439 corrigendi

285 1476 602 1552 voluntas
649 1475 968 1551 defuisset
1000 1504 1018 1549 ε
1052 1473 1280 1576 itaque
1318 1473 1431 1549 hic
1478 1473 1616 1550 illic
1660 1488 2022 1550 occurrunt
2043 1530 2061 1563 ,
2109 1502 2255 1575 quae
2292 1473 2443 1574 quis

290 1609 562 1686 sublata
595 1626 714 1684 aut
739 1606 1086 1684 emendata
1116 1606 1295 1682 velit.
1347 1607 1562 1681 Insita
1593 1608 1655 1682 ei
1684 1636 1892 1709 porro
1924 1625 2066 1682 erat
2094 1594 2304 1682 virtus
2335 1608 2446 1679 in-
2477 1699 2481 1703 .

292 1743 470 1840 genii
517 1771 594 1818 ea
613 1798 633 1832 ‚
694 1769 842 1844 quae
876 1758 1177 1817 externas
1211 1739 1640 1842 potissimum
1673 1768 1893 1815 rerum
1940 1740 2187 1816 formas
2223 1742 2447 1816 consi-

296 1875 513 1967 derat,
538 1874 909 1977 acriterque
937 1875 1172 1964 sentit,
1201 1850 1273 1947 in
1297 1874 1379 1948 iis
1398 1873 1636 1963 haeret,
1663 1902 1808 1975 quae
1831 1891 2015 1971 grata
2037 1892 2197 1948 sunt
2219 1875 2443 1950 animo

290 2025 408 2083 aut
433 2008 698 2106 ingrata
716 2064 735 2096 ,
763 2007 1126 2109 phantasiae
1153 2035 1282 2109 ope
1306 2006 1579 2095 nititur,
1605 2007 1880 2107 ejusque
1906 2035 1942 2082 e
1969 2035 2151 2108 penu
2177 2007 2440 2082 colores

294 2144 496 2245 petit,
538 2140 789 2245 quibus
840 2171 979 2217 rem
1035 2140 1457 2244 propositam
1508 2137 1861 2215 illuminet.
1911 2141 2080 2241 Ejus
2125 2141 2392 2216 virtutis
2422 2198 2441 2233 ,

296 2303 496 2377 quam
519 2274 755 2351 Nostri
788 2273 905 2349 den
938 2274 1144 2352 Wtz
1170 2292 1442 2365 vocant,
1468 2271 1785 2376 exemplis
1813 2275 2110 2349 abundat
2140 2275 2272 2349 hoc
2300 2304 2446 2349 car-

288 2437 484 2501 men;
517 2409 604 2484 ab
640 2436 847 2510 eaque
881 2407 1024 2508 ejus
1058 2426 1294 2484 auctor
1323 2408 1693 2483 eminenter
1724 2408 2062 2509 litgcmbsus
2089 2425 2294 2511 poeta
2319 2438 2446 2484 vo·-

297 2558 499 2616 catnr.
554 2539 775 2614 Modo
817 2568 960 2613 non
1006 2539 1380 2642 aquilarum
1415 2538 1716 2614 studium
1738 2595 1757 2629 ,
1790 2540 2134 2614 acuminum
2177 2541 2442 2615 venatio

292 2690 359 2747 et
378 2672 731 2774 petulantia
766 2671 1066 2773 quaedam
1099 2671 1301 2745 animi
1328 2700 1480 2747 eum
1504 2670 1755 2773 passim
1786 2672 2177 2745 avertissent
2206 2671 2291 2745 ab
2322 2700 2403 2746 eo
2420 2728 2440 2761 ,

295 2804 481 2907 quod
514 2821 768 2878 rectum
802 2821 907 2879 est
937 2821 1005 2879 et
1036 2832 1284 2879 verum.
1323 2802 1484 2878 Illas
1515 2820 1737 2878 autem
1768 2804 2018 2900 ingenii
2053 2803 2245 2878 dotes
2277 2803 2448 2897 doc-7

298 2939 487 3013 trinae
511 2936 810 3012 liberalis
841 2936 1097 3040 pabulo
1134 2936 1417 3028 aluerat,
1442 2936 1730 3012 lectione
1752 2954 2096 3011 auctorum
2122 2916 2445 3039 praestan-

294 3070 728 3159 tissimorum,
749 3087 1100 3171 poetarum
1119 3070 1192 3142 in
1209 3068 1466 3172 primiS,
1490 3067 2086 3145 declamationibus
2105 3070 2179 3143 in
2196 3068 2445 3145 scholis

297 3206 678 3297 rhetorum,
726 3223 926 3308 atque
978 3205 1442 3304 observatione
1482 3233 1748 3280 morum
1780 3222 1849 3280 et
1892 3204 2271 3280 studiorum
2318 3205 2448 3278 hu·-

295 3367 676 3415 manorum.
707 3341 944 3439 Itaque
977 3338 1249 3413 scientia
1269 3337 1537 3434 vigebat
1561 3337 1962 3412 elocutionis
1988 3338 2265 3439 poeticae
2282 3392 2302 3426 ,
2331 3364 2451 3411 an·-

295 3470 669 3573 tiquitatis,
707 3470 913 3544 animi
956 3469 1269 3560 humani,
1323 3497 1691 3570 earumque.
1723 3498 1982 3561 rerum,
2032 3468 2282 3570 quibus
2330 3465 2444 3542 ille

289 3600 736 3703 persuadetur
754 3657 772 3690 ,
810 3599 1206 3691 delectatur,
1241 3619 1566 3676 movetur.
1602 3601 1714 3675 Sic
1740 3628 1900 3697 ergo
1938 3616 2006 3674 et
2038 3628 2075 3673 a
2109 3617 2347 3673 natura
2376 3616 2444 3674 et

289 3748 540 3835 suopte
573 3732 806 3807 studio
836 3731 1161 3808 formatus
1193 3733 1472 3808 accessit
1501 3733 1587 3807 ad
1605 3761 1779 3835 opus
1801 3731 2445 3835 Metamorphoseon

285 3863 749 3941 condendum.

388 3997 496 4071 De
494 3994 814 4097 facilitate
835 4024 980 4070 non
1014 4013 1145 4086 est,
1187 3994 1373 4097 quod
1403 3994 1599 4098 plura
1629 3995 1873 4084 dicam,
1906 4012 1988 4069 ut
2021 4022 2167 4095 quae
2197 4020 2340 4066 non
2376 3992 2454 4066 in'

286 4127 590 4225 singulis
612 4126 814 4220 lociS,
854 4129 972 4204 sed
1000 4130 1073 4203 in
1108 4146 1339 4203 tenore
1364 4129 1572 4203 totius
1600 4126 1911 4203 carminis
1938 4142 2264 4200 cernatur.
2296 4122 2454 4198 Ma-

285 4259 485 4336 culas
527 4261 763 4363 potius
794 4260 1158 4337 nonnullas
1193 4260 1727 4336 commemorabo
1749 4316 1769 4349 ‚
1808 4272 1971 4361 quas
2003 4258 2293 4360 impetus
2338 4254 2454 4373 illc

502 4419 666 4489 III.
1761 4452 1762 4455 ¹
2131 4442 2171 4484 'a
