3217 5134
776 556 861 650 76
1336 565 1417 631 P.
1480 564 1849 637 OVIDII
1898 568 2365 642 NASONIS

772 731 811 765 κ
850 702 1053 791 Mox,
1090 704 1217 794 ait,
1247 709 1571 807 experiar,
1611 711 1796 785 Deus
1830 711 1939 785 hic
1964 769 1984 801 ‚
2021 713 2399 791 discrimine
2436 736 2666 819 aperto
2690 738 2718 810 ,‘

774 850 813 884 >v
846 823 955 892 An
989 820 1078 894 sit
1110 821 1445 913 mortalis3
1483 855 1604 900 nec
1638 828 1764 901 erit
1799 827 2165 905 dubitabile
2198 858 2443 906 verum.

771 968 811 1002 n
847 940 1051 1011 Nocte
1086 967 1344 1034 gravem
1372 968 1609 1016 somno
1645 971 1769 1017 nec
1805 945 2004 1045 opina
2038 947 2316 1047 perdere
2347 967 2561 1026 morte

771 1085 811 1118 κ
849 1054 963 1126 Me
993 1072 1183 1155 parat
1213 1085 1229 1127 :
1265 1054 1404 1136 haec
1435 1055 1532 1129 illi
1568 1056 1786 1159 placet
1821 1060 2220 1160 experientia
2244 1061 2402 1135 veri.

770 1201 812 1235 κ
852 1172 988 1244 Nec
1023 1189 1379 1247 contentus
1412 1201 1529 1261 eo,
1567 1174 1755 1249 missi
1784 1173 1867 1249 de
1902 1193 2094 1270 gente
2127 1175 2434 1253 Molossa

773 1317 812 1351 »
855 1286 1136 1362 Obsidis
1171 1290 1370 1363 unius
1397 1289 1703 1389 jugulum
1738 1317 2054 1366 mucrone
2082 1291 2359 1368 resolvit
2387 1322 2403 1367 t

769 1431 810 1466 τι
849 1403 1071 1502 Atque
1103 1402 1195 1477 ita
1229 1404 1584 1479 semineces
1619 1406 1858 1507 partim
1891 1406 2299 1484 ferventibus
2325 1424 2509 1482 artus

774 1558 812 1591 »
856 1523 1088 1598 Mollit
1118 1528 1339 1626 aquis,
1373 1529 1614 1629 partim
1648 1529 1950 1628 subjecto
1980 1531 2224 1605 torruit
2256 1531 2420 1624 igni.

772 1659 812 1714 >i
853 1650 1048 1747 Quos
1082 1649 1279 1724 simul
1315 1651 1638 1752 imposuit
1663 1655 1906 1738 mensis
1935 1684 1952 1743 ;
1992 1682 2115 1751 ego
2155 1653 2415 1730 vindice
2447 1653 2709 1730 flamma
2801 1677 2898 1729 230

771 1804 810 1837 »
846 1774 928 1845 ln
963 1772 1237 1848 domino
1274 1773 1517 1870 dignos
1549 1777 1753 1850 everti
1784 1794 1955 1852 tecta
1984 1778 2283 1853 Penates.

770 1982 966 2039 ovidio
988 1985 1188 2055 signata
1204 2024 1219 2052 ‚
1247 1995 1306 2039 ut
1331 1985 1440 2040 aliae
1463 1987 1674 2043 multe:
1706 2007 1787 2043 oc·

767 2063 930 2116 currit
945 2073 998 2115 et
1015 2063 1174 2130 xm,
1193 2086 1219 2116 3
1231 2086 1247 2117 ι
1259 2106 1271 2116 .
1283 2094 1352 2106 -
1364 2068 1579 2119 Gravem
1592 2086 1783 2131 somna,

1882 1999 1943 2044 ut
1959 1991 2079 2064 3773
2104 1990 2207 2057 III,
2224 2011 2307 2058 33,
2324 1999 2379 2044 et
2390 1988 2595 2061 passim.
2609 1989 2898 2043 —Seus'aee-

1881 2088 1991 2129 ces,
2036 2069 2344 2139 palpitantes
2368 2067 2536 2121 adhuc
2562 2087 2574 2121 :
2619 2070 2895 2120 Tra-mealia

769 2140 912 2208 gravi
932 2159 1120 2194 somno
1147 2158 1454 2212 oppressum
1471 2182 1488 2211 ,
1525 2149 1788 2220 βεὸαρημί-
1866 2147 2048 2215 frusta
2060 2146 2186 2199 dixit
2209 2145 2355 2216 Virg.
2382 2146 2506 2198 AEn.
2535 2145 2592 2212 1,
2628 2165 2742 2197 3ι3.
2764 2142 2897 2198 Car-

769 2243 841 2274 νου
862 2226 925 2279 εὶς
949 2227 1092 2275 ὕπνον.

834 2301 947 2365 334.
985 2301 1209 2352 Perdere.
1247 2299 1432 2354 Heius.
1457 2301 1638 2354 mallet
1652 2321 1786 2368 pm-

767 2380 895 2431 detc.
913 2376 1049 2431 lllud
1065 2387 1143 2431 est
1162 2380 1366 2449 gravius
1382 2390 1437 2433 et
1457 2378 1509 2432 h.
1527 2381 1558 2433 Ι.
1580 2399 1787 2435 accom-

765 2453 1045 2509 modatius.

832 2537 945 2588 335.
970 2536 1078 2589 Pro
1098 2541 1208 2590 veri
1219 2535 1414 2591 Medic.
1431 2558 1587 2590 rerum
1606 2577 1620 2601 ,
1643 2536 1783 2607 quod

765 2613 935 2683 placet
963 2613 1147 2667 Heius.
1175 2615 1264 2683 qui
1299 2633 1410 2668 non
1437 2616 1598 2669 sensit
1618 2655 1634 2682 ,
1678 2635 1785 2669 vo-

765 2688 918 2743 luisse
962 2690 1214 2744 Nostrum
1257 2691 1507 2746 invidiose
1541 2704 1783 2762 repetere

762 2766 874 2837 ipsa
888 2767 1141 2840 Lycaonis
1157 2768 1328 2823 verba.
1347 2770 1438 2824 Ille
1455 2782 1635 2824 autem
1651 2769 1788 2825 dixe·

764 2857 847 2900 rat
878 2850 1155 2917 Experiar,
1201 2868 1300 2902 nec
1330 2869 1496 2903 verum
1528 2850 1631 2905 erit
1659 2850 1783 2903 dub.

767 2927 923 2984 Idem
937 2949 1008 2982 vs.
1027 2948 1137 2998 seq.
1150 2948 1246 2999 pro
1267 2935 1419 2983 melrsi
1435 2930 1580 2985 malit
1597 2931 1792 3002 Amyci

766 3018 858 3061 aut
882 3010 1031 3070 Nt‘se‘,
1070 3008 1190 3077 quia
1214 3008 1269 3061 in
1301 3007 1464 3061 Palat.
1487 3013 1678 3074 amic&
1726 3009 1781 3062 in

764 3085 876 3139 aliis
933 3085 1208 3140 uibusdam
1228 3089 1372 3140 uisi.

831 3105 945 3216 223.
968 3165 1200 3226 Molossi,
1217 3165 1272 3218 in
1293 3166 1456 3236 Epiro
1469 3206 1484 3233 ‚
1500 3166 1637 3237 apud
1654 3185 1784 3237 quos

768 3239 1031 3295 Dodonaei
1055 3242 1202 3296 Jovis
1225 3245 1483 3313 templum
1509 3264 1521 3297 :
1547 3244 1685 3298 Plin.
1709 3247 1783 3299 H.

764 3317 834 3376 N.
859 3320 972 3386 IV,
1004 3341 1047 3373 ι.
1091 3321 1223 3374 Hoc
1249 3319 1313 3374 de
1339 3321 1517 3376 obside
1548 3323 1784 3377 Molosso

767 3397 928 3454 Ovid.
963 3409 1023 3452 ut
1043 3397 1284 3465 videtur,
1325 3399 1389 3453 de
1416 3419 1512 3454 suo
1546 3401 1779 3470 addidit,

767 3476 860 3532 sed
888 3485 1071 3531 contra
1092 3476 1270 3531 fidem.
1301 3477 1436 3531 Nam
1453 3517 1470 3545 ,
1497 3488 1555 3532 ut
1572 3479 1781 3534 mittam

761 3553 877 3608 illos
896 3573 924 3607 a
942 3555 1174 3610 Molosso
1191 3553 1430 3622 demum,
1447 3556 1782 3627 Neoptolemi

762 3631 907 3698 filio,
930 3632 1230 3688 nominatos
1251 3654 1360 3689 esse
1379 3675 1394 3703 ,
1431 3635 1544 3704 quis
1566 3635 1745 3691 credat
1761 3676 1778 3705 ,

766 3708 908 3780 quod
937 3711 1042 3779 jam
1059 3712 1244 3766 But-m.
1264 3713 1504 3779 monuit,
1523 3713 1609 3767 illa
1630 3723 1781 3769 aetate

765 3798 877 3843 tam
921 3788 1208 3860 longinqua
1256 3790 1388 3844 bella
1432 3811 1540 3845 esse
1583 3802 1726 3862 gesta
1753 3792 1779 3847 ἐ’

764 3864 1073 3936 Apollodor.
1091 3878 1297 3934 narrat,
1320 3867 1472 3922 fuisse
1488 3874 1564 3922 ἕνα
1579 3880 1669 3924 τῶν
1686 3875 1782 3925 'cre-

767 3954 936 4023 χορίων
960 3953 1106 4003 καὶὴ
1123 3986 1138 4013 ‚
1162 3947 1312 4016 cujus
1335 3965 1519 4001 carues
1542 3948 1665 4001 Jovi
1686 3968 1781 4019 ap-

761 4024 994 4094 posuerit
1018 4036 1300 4098 tyrannus3
1326 4025 1410 4080 alii
1435 4045 1614 4080 rursus
1636 4028 1780 4100 Nyc-

763 4101 958 4154 timum
989 4103 1299 4170 nominant,
1336 4103 1493 4174 ipsius
1523 4103 1780 4176 Lycaonis

762 4177 933 4231 filium
953 4217 968 4245 ,
995 4190 1085 4234 aut
1110 4180 1315 4235 Arcada
1349 4192 1599 4252 nepotem
1627 4179 1778 4235 :vide

767 4256 1018 4311 Munker.
1040 4257 1107 4311 ed
1131 4259 1327 4331 Hygin.
1348 4259 1448 4312 sab.
1475 4260 1582 4328 175.

835 4336 947 4389 338.
961 4339 1128 4404 Alqne
1138 4339 1216 4389 ila
1229 4375 1245 4401 ,
1267 4353 1374 4404 quo
1384 4337 1522 4390 sacto
1537 4375 1554 4404 ‚
1568 4345 1747 4405 postea
1760 4375 1776 4405 ,

1879 2224 2037 2278 nibus
2059 2243 2193 2293 equa
2213 2227 2421 2280 mollitis
2438 2243 2479 2276 s.
2504 2223 2644 2276 elixis
2667 2232 2784 2292 post
2805 2220 2896 2275 be-

1881 2301 2084 2355 roicum
2131 2300 2351 2354 demum
2396 2311 2603 2371 tempus
2657 2299 2896 2353 homines

1880 2380 2018 2433 vesci
2041 2390 2314 2449 coeperunt
2329 2419 2343 2446 ,
2382 2397 2549 2447 quum
2574 2388 2729 2431 antea
2752 2381 2897 2431 toslelc

1884 2456 2138 2511 duntaxat
2159 2467 2452 2511 uterentur.

1950 2536 2063 2588 230.
2107 2537 2246 2602 Quos
2265 2538 2423 2587 εἰπε]
2442 2537 2685 2602 imposuit
2700 2540 2898 2587 utensis.

1883 2613 2004 2667 Hoc
2029 2613 2275 2684 Hyginus
2296 2651 2312 2680 ‚
2352 2613 2440 2667 lib.
2467 2614 2521 2668 11
2541 2652 2557 2681 ‚
2597 2613 2676 2667 tit.
2706 2614 2896 2667 Arcto-

1882 2691 2101 2764 phylax‚
2128 2691 2291 2744 refert
2310 2689 2377 2745 de
2410 2689 2613 2746 Arcade
2646 2688 2897 2744 Callisto-

1881 2773 1963 2826 nis
1989 2771 2096 2825 filio
2117 2810 2131 2836 ,
2158 2791 2291 2826 ceso
2336 2791 2366 2825 a
2403 2772 2676 2845 Lycaone3
2715 2789 2897 2824 verum

1881 2850 2027 2903 idem
2045 2891 2061 2918 ‚
2094 2851 2151 2902 in
2170 2850 2270 2902 sab.
2294 2850 2388 2921 175
2405 2889 2421 2916 ‚
2445 2858 2625 2903 narrat
2646 2847 2897 2921 Lycaonis
2962 2859 3011 2920 ..3

1882 2929 2017 2984 filios
2052 2932 2244 2984 Jovem
2278 2937 2606 2994 tentaturos,
2641 2927 2789 2982 Deus
2830 2945 2898 2980 ne

1880 3021 2045 3077 esset,
2084 3029 2299 3065 carnem
2334 3008 2622 3064 humanam
2650 3026 2776 3061 cum
2802 3006 2895 3060 alia

1880 3088 2089 3143 mistam
2104 3089 2152 3142 ei
2168 3089 2224 3141 in
2237 3087 2392 3159 epulo
2407 3086 2699 3157 apposuisse
2718 3104 2732 3137 ε
2758 3083 2896 3155 quod

1884 3167 2069 3221 itidem
2089 3167 2250 3220 trahit
2270 3166 2620 3237 Apollodorus
2639 3205 2654 3232 ,
2684 3165 2772 3218 lib.
2799 3164 2898 3218 111.

1882 3244 2052 3299 Natal.
2069 3263 2243 3299 comes
2261 3285 2277 3311 ,
2303 3245 2388 3298 lib.
2408 3245 2487 3298 lx
2504 3285 2520 3312 ‚
2538 3263 2648 3314 cap.
2671 3260 2729 3296 lx
2745 3283 2760 3310 ,
2783 3242 2902 3297 scri-

1880 3323 1959 3377 bit
1998 3323 2298 3396 Lycaonem
2332 3323 2387 3376 in
2426 3323 2610 3392 lupum
2646 3341 2855 3376 versum
2881 3362 2898 3387 ,

1883 3399 2024 3469 qnod
2061 3400 2119 3453 in
2153 3419 2242 3454 ara
2271 3400 2418 3454 Jovis
2452 3401 2621 3473 Lycei
2640 3439 2656 3467 ,
2698 3399 2902 3453 infante

1878 3488 2067 3532 necato
2085 3518 2101 3545 ‚
2127 3477 2423 3532 humanum
2437 3479 2749 3550 sanguinem
2770 3479 2900 3532 liba-

1878 3569 2041 3612 verat.
2089 3559 2363 3614 Boc-,catius
2397 3561 2560 3613 refert
2594 3559 2898 3631 Lycaonem

1878 3635 2113 3690 obsidem
2136 3656 2165 3690 a
2189 3636 2430 3691 Molossis
2453 3635 2670 3689 devictis
2688 3635 2786 3690 sibi
2803 3633 2899 3688 da-

1878 3723 2027 3780 tum,
2065 3712 2380 3768 eorumdem
2417 3714 2597 3784 legatis
2633 3723 2894 3785 repeten-

1877 3792 2016 3846 tibus
2058 3791 2328 3846 edendum
2366 3792 2675 3862 apposuisse.
2725 3790 2897 3844 Aliter

1880 3868 2131 3924 Clemens
2149 3869 2295 3923 Alex.
2322 3869 2595 3923 Admonit.
2618 3868 2683 3923 ad
2700 3878 2897 3938 gentes.

1876 3949 2048 4003 Aliter
2069 3948 2351 4003 Pausanias
2371 3948 2426 4001 in
2455 3947 2656 4002 Atticis.
2685 3950 2787 4000 Ed.

1942 4025 2055 4078 231.
2092 4025 2183 4079 sie
2204 4026 2312 4094 jam
2338 4024 2545 4079 Ciosan.
2569 4043 2632 4078 ex
2665 4037 2779 4076 uno
2803 4040 2898 4077 suo

1876 4100 2057 4156 edidit.
2082 4102 2163 4156 lta
2188 4113 2243 4156 et
2270 4103 2471 4156 Mureti
2492 4103 2778 4171 nmen-pta,
2805 4120 2900 4170 ap-

1875 4181 2216 4256 probantibus
2233 4181 2414 4236 Barth.
2433 4181 2569 4236 Λᾶν.
2587 4183 2672 4247 31,
2692 4181 2744 4246 3,
2763 4178 2895 4233 ὓπο-

1879 4276 2002 4312 nov.
2025 4259 2248 4314 Observ.
2270 4259 2377 4325 111,
2424 4277 2498 4332 ¹9·
2526 4258 2636 4313 Sed
2662 4258 2896 4312 librarios

1875 4353 2094 4405 prepos.
2109 4341 2164 4390 ln
2186 4334 2424 4406 decepit,
2446 4346 2510 4390 ut
2529 4333 2720 4390 darent
2732 4337 2896 4388 dom·-
