3217 5134
637 552 1669 623 METAMORPHOSEON
1726 556 1920 624 LIB.
1983 556 2073 625 V.

2285 554 2413 641 403

289 696 458 792 Quae
493 693 621 768 tibi
658 721 853 768 causa
886 692 1062 767 viae?
1094 721 1213 766 cur
1244 693 1375 782 sis,
1411 692 1744 767 Arethusa
1764 749 1782 783 ,
1821 722 2002 768 sacer
2028 694 2236 771 sons?
2309 686 2314 693 ’

290 815 682 892 Conticuere
716 815 951 903 undam
992 843 1269 915 quarum
1302 816 1447 890 Dea
1476 814 1749 890 sustulit
1775 814 1911 890 alto

287 936 498 1015 Fo'nte
535 958 768 1041 caput,
805 939 1179 1041 viridesque
1213 968 1415 1034 manu
1447 940 1689 1015 siccata
1724 939 2001 1043 capillos
2033 968 2036 973 ·
2322 967 2420 1037 575

286 1063 612 1139 Fluminis
645 1060 794 1137 Elei
823 1081 1074 1138 veteres
1110 1064 1399 1138 narravit
1432 1092 1687 1165 amores
1723 1093 1739 1136 :
1983 1060 1990 1068 ⁸

297 1223 331 1256 α
369 1190 533 1263 Pars
568 1216 691 1283 ego
721 1186 1215 1288 Nympharum,
1255 1216 1397 1288 quae
1436 1204 1594 1260 sunt
1625 1188 1694 1259 in
1721 1186 2056 1276 Achaide,
2094 1188 2300 1281 dixit,

295 1347 331 1379 ³>
370 1315 523 1386 Una
555 1313 684 1399 sui;
722 1340 844 1386 nec
877 1341 981 1387 me
1020 1312 1388 1386 studiosius
1421 1311 1623 1385 altera
1658 1311 1865 1386 saltus

295 1468 332 1499 »
370 1435 599 1531 Legit,
634 1462 755 1508 nec
787 1418 1022 1535 posuit
1059 1434 1425 1509 studiosius
1452 1432 1654 1507 altera
1688 1463 1921 1509 casses,
2117 1520 2126 1527 .

294 1590 331 1623 >2
371 1556 503 1630 Sed
524 1613 543 1645 ,
575 1557 871 1657 quamvis
893 1558 1120 1631 sormae
1148 1585 1490 1657 nunquam
1516 1556 1682 1629 mihi
1714 1558 1885 1632 sama
1907 1560 2114 1661 petita
2146 1578 2279 1649 est,
2327 1582 2426 1638 58.»

293 1714 331 1747 »
370 1679 690 1778 Quamvis
722 1679 915 1754 sortis
950 1708 1124 1755 eram
1143 1735 1163 1769 ,
1194 1678 1503 1755 formosae
1534 1709 1780 1755 nomen
1810 1680 2158 1757 habebam.

290 1905 502 1941 versum
521 1887 633 1956 487.
655 1885 937 1940 varietatis
956 1905 1109 1939 causa
1121 1925 1135 1952 ,
1154 1896 1312 1956 poeta

289 1968 456 2037 ipsam
482 1966 802 2021 Arethusam
832 1968 937 2019 sata
962 1985 1055 2019 sua
1086 1984 1313 2018 narran-

290 2056 404 2098 tem
441 2043 661 2098 induxit.
699 2072 764 2083 —
792 2046 973 2110 Exigit
989 2047 1129 2094 alma
1152 2044 1312 2093 Ceres.

292 2123 444 2178 Saltu
485 2125 623 2175 sacto
655 2121 843 2174 transit
871 2118 936 2171 ad
974 2138 1117 2187 seqq.
1150 2117 1315 2188 Cogi-

291 2200 519 2255 tandum
540 2199 700 2269 igitur
716 2238 731 2264 ,
757 2196 1015 2250 Cererem
1031 2235 1046 2262 ,
1064 2197 1316 2265 impetra-

290 2281 358 2335 tis
377 2279 644 2351 precibus,
665 2277 723 2329 in
748 2274 975 2329 Siciliam
999 2273 1227 2327 rediisse.
1249 2304 1314 2314 —

288 2361 437 2412 Nata
446 2375 625 2410 secura
639 2360 849 2424 ncepta.
874 2353 1176 2408 Gronovius
1197 2348 1334 2406 ma-'

287 2436 435 2490 lebat
482 2438 616 2486 παίω
662 2450 840 2486 secura
868 2438 1090 2498 ,recepte
1113 2472 1128 2494 ,
1172 2430 1315 2500 quod

287 2511 444 2566 valde
468 2508 700 2581 placebat
724 2509 973 2573 Heinsio;
998 2508 1118 2578 quia
1141 2527 1203 2561 ea
1214 2527 1314 2561 vox

291 2612 417 2649 cum
444 2590 681 2662 genitivo
712 2590 1023 2659 plerumque
1069 2589 1313 2659 reperia-

290 2683 381 2726 tur
398 2710 414 2741 ,
440 2668 531 2724 sed
561 2668 903 2723 Burmannus
930 2679 1108 2722 tuetur
1132 2667 1314 2722 ablati-

290 2766 436 2802 vum.
453 2746 607 2817 Regii
618 2745 786 2799 nostri
801 2745 996 2800 habent
1011 2753 1151 2798 nata.
1172 2784 1185 2796 .
1201 2784 1213 2797 .
1239 2763 1311 2798 re-

291 2833 452 2895 cepta.
474 2852 542 2865 —
575 2825 700 2890 Qua
721 2843 881 2877 causa
897 2828 1019 2887 ωὀ,
1052 2843 1173 2889 cur,
1198 2824 1312 2876 loco

292 2914 518 2969 mutato,
537 2914 681 2957 extra
696 2902 918 2974 patriam
932 2903 1181 2969 cernaris,
1202 2922 1313 2956 non

234 2980 242 2987 ’
297 2994 356 3037 ut
373 2983 585 3048 fluvius,
601 2980 693 3035 sed
707 2980 915 3048 utsons.
929 2982 1157 3035 Fontem
1170 2980 1315 3033 hunc

294 3059 537 3113 describit
569 3057 681 3111 Cic.
716 3058 871 3111 Verr.
892 3059 993 3125 lv,
1023 3058 1203 3110 5321n
1229 3060 1315 3109 1⁰11-

293 3142 410 3192 sula
430 3137 618 3209 (parte
644 3137 1062 3210 Syracusarum)
1093 3143 1315 3190 extrema

291 3224 372 3269 est
369 3215 502 3284 fons
514 3235 656 3285 aque
665 3219 832 3269 dulcis
844 3255 858 3278 ‚
890 3221 980 3268 cui
988 3232 1164 3267 nomen
1172 3213 1233 3266 A
1233 3232 1314 3266 re·-

292 3298 448 3350 tbusa
475 3302 558 3350 est
568 3335 584 3357 ,
626 3298 918 3349 &credibili
934 3297 1274 3362 magnitudine
1288 3332 1304 3356 ,

285 3377 615 3441 plenissimus
622 3377 840 3440 pesclum
856 3391 874 3424 .·
896 3374 1162 3441 qm'fluctu
1180 3377 1315 3424 totus

291 3458 575 3522 operiretur,
603 3457 713 3506 alsi
726 3456 996 3506 munilione
1011 3472 1076 3505 ac
1098 3455 1226 3505 mole
1236 3455 1315 3505 la-

284 3537 465 3600 pe'dam
485 3552 522 3584 a
544 3536 682 3584 man·
694 3532 978 3602 deirjunctas
990 3538 1135 3583 esset.
1152 3530 1313 3582 Eum-

290 3609 422 3664 detn
451 3612 808 3663 m’te‘dmitnum
825 3648 839 3672 ,
867 3612 947 3661 ad
968 3613 1073 3660 ima
1090 3611 1315 3675 perluci-

287 3693 413 3744 dam
445 3692 844 3759 cat-nimbusque
876 3693 1313 3742 celebratissimum

290 3780 449 3824 vocat
471 3768 708 3837 Seneca,
746 3766 1012 3822 Consolat.
1046 3766 1109 3820 ad
1146 3767 1313 3821 Marc.

296 3869 360 3919 ¹7
390 3867 405 3902 :
435 3859 489 3902 et
523 3848 622 3902 fuit
660 3846 793 3900 adeo
826 3845 1176 3901 memorabilis
1200 3884 1215 3911 ,
1258 3856 1317 3899 ut

290 3926 438 3980 Plin.
466 3925 604 3980 Hist.
630 3927 750 3980 Nat.
773 3924 889 3990 III,
917 3924 947 3976 8
965 3945 1008 3977 s.
1036 3926 1091 3990 14
1109 3963 1124 3988 ,
1143 3923 1315 3995 Syra-

288 4023 444 4058 cusas
466 4004 539 4057 ita
573 4013 816 4069 notaret,
861 4004 1071 4055 Colonia
1098 4005 1317 4072 Syracu-

290 4104 369 4138 sae
391 4103 506 4137 cum
514 4083 667 4152 fimte
690 4085 960 4137 Arethusa.
988 4081 1034 4134 E
1055 4082 1318 4135 recentio—

292 4164 444 4217 ribus
483 4183 610 4217 eum
656 4162 925 4218 Guarinus
966 4162 1125 4214 Italus
1178 4160 1317 4214 cele-

291 4241 485 4295 bravit.
502 4270 568 4283 —·
585 4243 761 4308 Sacer,
796 4259 1077 4298 commuue
1101 4238 1315 4309 epithe-

297 4330 397 4374 ton
425 4322 669 4375 sontium.

1476 1889 1588 1954 574.
1630 1889 1949 1948 Conticuere,
1993 1899 2226 1959 strepere
2254 1892 2428 1947 desie-

1406 1974 1568 2030 runt,
1607 1965 1665 2016 in
1709 1964 1969 2018 honorem
2008 1968 2270 2038 Nympha
2313 1974 2423 2041 jam

1408 2041 1567 2094 verba
1613 2042 1840 2096 sacturae.
1876 2069 1943 2081 —
1986 2047 2186 2098 Ve‘rt‘des
2225 2054 2426 2103 sei-cata

1404 2121 1624 2186 capillos
1638 2159 1650 2181 ,
1684 2130 1742 2172 ut
1772 2119 1905 2173 libro
1930 2120 1985 2174 Il
2001 2159 2018 2188 ,
2057 2142 2074 2173 ι
2087 2142 2138 2185 2,
2167 2128 2421 2191 videatur,

1408 2200 1541 2251 Pars
1573 2202 1630 2250 ἱπ
1648 2202 1778 2251 mole
1805 2202 1985 2253 sedens
2012 2200 2201 2256 virides
2235 2210 2428 2261 seh-care

1407 2279 1638 2344 capillos.
1661 2303 1728 2316 ·-
1749 2274 1834 2330 De
1858 2277 1961 2331 hoc
1993 2289 2137 2349 gestu
2170 2280 2384 2339 dicturae
2405 2326 2422 2352 ,

1409 2353 1699 2424 videsupra
1716 2354 1780 2407 ad
1799 2356 2117 2425 487.—Elee‘‚
2138 2360 2258 2427 quia
2274 2359 2424 2417 Eleo·

1408 2450 1532 2484 rum
1551 2431 1685 2486 fines
1699 2432 1880 2504 irrigat
1895 2444 1948 2488 et
1963 2453 2118 2505 supra
2138 2436 2421 2511 Cyllenen,

1411 2510 1667 2565 Eleorum
1688 2513 1869 2566 navale
1885 2554 1900 2580 ,
1929 2514 1984 2569 in
2010 2508 2425 2576 mare‘insundi-

1407 2602 1496 2646 tur
1512 2632 1527 2660 ,
1547 2591 1835 2646 honoribus
1851 2593 1982 2647 adeo
1999 2594 2190 2652 divinis
2199 2598 2264 2652 ab
2283 2600 2422 2655 Eleis

1405 2670 1597 2724 colitur
1617 2710 1634 2737 ,
1676 2689 1976 2740 quanquam
2009 2674 2183 2729 sontes
2226 2678 2340 2747 ejus
2364 2681 2419 2733 in
2489 2696 2495 2700 ·

1405 2747 1632 2815 Arcadia
1653 2749 2008 2818 reperiuntur.
2036 2751 2257 2806 Pausan.
2279 2755 2351 2823 V,
2371 2778 2422 2826 p.
2529 2758 2534 2763 ’

1407 2825 1522 2897 389.
1544 2846 1583 2879 s.
1603 2826 1703 2899 399
1720 2848 1735 2890 ;
1755 2827 1894 2903 vlll
1913 2865 1929 2892 ,
1951 2847 2001 2895 p.
2029 2849 2139 2901 709.
2167 2828 2422 2886 Celebra-

1406 2912 1491 2955 tus
1515 2913 1567 2956 et
1589 2901 1673 2956 ille
1698 2903 1879 2972 poetis.
1905 2903 2091 2959 Senec.
2117 2907 2182 2963 N.
2211 2907 2284 2977 Q.
2310 2909 2420 2978 Vl,

1408 2979 1454 3032 8.
1477 3007 1545 3020 —-
1575 2982 1798 3044 Veteres,
1835 2980 2094 3050 pristinos.

1458 3061 1570 3127 577.
1587 3060 1720 3111 Pars
1729 3076 1822 3125 ego
1832 3060 2189 3129 Nympharum,
2206 3073 2302 3117 etc.
2317 3064 2422 3119 Hic

1405 3145 1485 3189 est
1505 3135 1804 3205 exemplum
1826 3146 1880 3190 et
1896 3137 2141 3207 simplicis
2155 3141 2290 3197 illius
2315 3164 2419 3198 ve—

1404 3213 1627 3267 nustatis
1640 3253 1656 3281 ,
1673 3232 1788 3283 quae
1798 3217 2126 3272 sermonibus
2140 3219 2286 3275 addit
2302 3242 2422 3290 gra-

1405 3292 1535 3345 tiam
1552 3332 1568 3361 ,
1605 3303 1660 3347 et
1691 3306 1881 3349 exacta
1917 3296 2244 3352 narrationis.
2288 3303 2422 3354 Pars

1403 3392 1536 3433 una,
1588 3392 1710 3428 una.
1739 3373 1788 3428 E
1822 3374 2099 3429 traditione
2127 3377 2341 3447 antiqua
2364 3391 2420 3433 et

1407 3449 1643 3519 Alpheus
1657 3451 1756 3505 suit
1775 3460 2014 3519 venator,
2033 3454 2148 3519 ἀνὴρ
2167 3464 2413 3529 θηρευτὴς,

1406 3540 1462 3584 et
1484 3514 1744 3584 Arethusa
1772 3530 2038 3583 venationi
2064 3529 2267 3585 devota.
2289 3534 2420 3587 Haec

1404 3609 1554 3663 illum
1570 3648 1586 3675 ,
1607 3609 1868 3663 connubia
1890 3609 2004 3677 ejus
2025 3628 2276 3679 respuens
2293 3651 2309 3678 ,
2333 3614 2421 3667 su-

1406 3688 1482 3757 git
1502 3688 1557 3740 in
1575 3686 1800 3740 insulam
1821 3684 2102 3759 Ortygiam
2118 3728 2136 3754 ,
2154 3689 2243 3742 ubi
2261 3693 2310 3758 ἓξ
2325 3693 2420 3744 ἄν·

1407 3778 1433 3821 θ
1459 3769 1578 3821 ὤεον
1603 3769 1769 3833 ἐγένετο
1794 3772 1931 3833 πηγή·
1958 3785 2063 3836 quo
2094 3768 2232 3821 sacto
2259 3769 2418 3823 etiam

1409 3792 1643 3913 Xipheus
1666 3862 1772 3913 prae
1803 3862 1982 3897 amore
2014 3854 2321 3903 extenuatus
2346 3857 2424 3901 est

1407 3925 1462 3979 in
1486 3925 1722 3979 fluvium.
1762 3925 2042 3978 Pausanias
2065 3964 2082 3993 ,
2122 3946 2171 3995 p.
2204 3927 2318 3999 390.
2356 3955 2423 3969 -·

1408 4003 1559 4070 Legit
1579 4044 1594 4065 ,
1635 4003 1790 4072 elegit
1833 4000 1990 4056 saltus
2033 4013 2177 4073 aptos
2226 4003 2290 4057 ad
2327 4024 2422 4058 ve-

1406 4081 1661 4136 nandum.
1690 4082 1780 4136 Sic
1801 4101 1957 4152 supra
1983 4082 2073 4151 11,
2099 4085 2196 4152 448
2213 4122 2229 4151 ,
2257 4088 2423 4138 saltus

1408 4165 1551 4228 eligit
1580 4167 1744 4227 aptos.

1430 4284 1445 4295 .
1474 4242 1585 4293 580.
1627 4242 1866 4305 Quamvis·
1888 4240 2075 4308 some
2106 4250 2203 4294 etc.
2228 4241 2421 4295 Vena-

1293 4375 1307 4389 ,
1410 4320 1564 4374 trices
1604 4318 1868 4391 Nympha
1911 4340 2013 4375 nec
2047 4339 2294 4383 ,amorem
2325 4338 2426 4379 scu-2
