3217 5134
616 553 1698 622 METAMORPHOSEON
1756 557 1953 623 LIB.
2014 560 2102 628 V.

2289 558 2414 643 411

298 692 544 769 Rident
568 692 992 780 Emathides»,
1027 711 1483 795 spernuntque
1515 694 1796 769 minacia
1828 696 2027 770 verba
2053 726 2072 787 3

298 811 696 910 Conataeque
728 808 955 911 loqui,
991 827 1059 884 et
1093 839 1335 906 magno
1371 809 1655 886 clamore
1688 827 2026 912 protervas
2130 820 2140 829 ”

2323 835 2424 902 670

296 928 631 1009 intentare
657 955 891 1001 manus
914 983 932 1015 ‚
969 955 1222 1028 pennas
1260 927 1434 1000 exire
1468 955 1589 1028 per
1624 956 1881 1023 ungues

294 1043 677 1143 Adspexere
710 1071 866 1118 suos
885 1099 904 1132 ‚
941 1044 1189 1145 operiri
1221 1043 1494 1118 brachia
1518 1042 1766 1145 plumis
1792 1073 1809 1133 ;

296 1158 658 1260 Alteraque
687 1157 958 1233 alterius
989 1158 1209 1255 rigido
1246 1188 1660 1235 macrescere
1694 1177 1915 1234 rostro

299 1278 441 1351 Ora
472 1277 655 1351 videt
672 1332 693 1365 ‚
729 1274 1164 1377 volucresque
1196 1305 1399 1351 novas
1434 1276 1737 1351 accedere
1769 1275 1971 1350 silvis.

295 1393 611 1494 Dumque
641 1391 881 1466 volunt
916 1392 1143 1495 plangi
1167 1451 1187 1483 ‚
1224 1421 1345 1494 per
1378 1392 1654 1467 brachia
1682 1410 1860 1467 mota
1894 1390 2117 1467 levatae
2142 1448 2161 1481 ‚

2328 1413 2426 1486 ⁶7⁵

290 1510 466 1583 Aere
497 1507 915 1609 pendebant,
951 1536 1301 1585 nemorum
1329 1507 1625 1583 convicia
1643 1564 1663 1596 ‚
1698 1509 1882 1609 picae.

290 1626 491 1699 Nunc
528 1652 799 1725 quoque
833 1624 904 1697 in
938 1623 1213 1699 alitibus
1246 1622 1554 1699 facundia
1589 1621 1808 1723 prisca
1841 1622 2196 1710 remansit,

290 1744 654 1842 Raucaque
690 1739 1040 1837 garrulitas
1062 1799 1082 1831 ‚
1121 1741 1551 1840 studiumque
1582 1738 1867 1814 immane
1900 1736 2238 1840 loquendi.
2271 1772 2309 1805 »

292 1977 417 2013 mus
474 1967 653 2011 autem
702 1956 805 2010 hoc
849 1972 1051 2008 nomen
1098 1954 1314 2023 ingenio

292 2038 538 2100 Heinsii3
564 2054 796 2105 namque
814 2033 1053 2088 Pierides
1068 2034 1225 2085 etiam
1248 2032 1313 2084 ab

290 2116 502 2168 Anton.
517 2115 630 2167 Lib.
644 2114 716 2166 ita
732 2120 1004 2164 vocantur.
1024 2108 1172 2164 Olim
1188 2107 1315 2161 ede-

290 2194 458 2247 batur
501 2192 774 2257 Evtppides
788 2229 803 2251 ,
854 2187 910 2241 id
944 2198 1023 2241 est
1037 2227 1052 2253 ,
1089 2186 1315 2255 Evippes

286 2271 436 2324 saliae.
478 2266 664 2321 Codex
689 2265 886 2335 Regius
914 2265 989 2332 A,
1021 2266 1311 2331 Em'pedes5

290 2349 489 2404 Codex
512 2347 587 2414 B,
612 2348 848 2400 Albides.
872 2346 994 2399 Hoc
1016 2343 1339 2415 exemplum-

282 2427 582 2485 confirmat
599 2468 614 2495 ‚
640 2425 782 2496 quod
804 2427 914 2495 jam
935 2425 1157 2479 diximus
1173 2464 1188 2491 ‚
1214 2443 1317 2477 no-

282 2509 449 2564 mina
471 2507 681 2577 propria
694 2524 906 2576 semper
925 2505 983 2559 in
1007 2504 1172 2559 MSS.
1194 2522 1317 2557 cor-

286 2595 457 2656 rupta
483 2585 655 2641 suine.
675 2586 778 2637 Ed.

358 2663 478 2732 673.
506 2665 844 2716 Concrescere.
867 2660 1188 2714 Lonnensis
1204 2700 1219 2727 ‚
1237 2680 1318 2714 oc-

292 2744 592 2802 canescere,
635 2751 695 2793 ut
730 2739 787 2791 in
834 2738 968 2792 libro
1003 2738 1158 2805 XIV,
1201 2740 1315 2792 282.

296 2818 460 2887 Regii
497 2816 666 2871 nostri
685 2856 701 2884 ,
741 2834 1069 2870 concrescere.
1089 2843 1158 2857 —
1184 2815 1320 2868 Aere

278 2898 510 2967 pendere
545 2894 612 2949 de
644 2893 852 2948 volante
891 2893 1095 2947 dicitur.
1114 2920 1181 2933 —
1204 2893 1319 2947 Ne-

294 2994 487 3030 mrum
517 2978 748 3030 convicia
760 3014 775 3039 ‚
820 2991 942 3028 aves
974 2991 1071 3042 per
1097 2988 1320 3025 nemora

1409 1956 1699 2025 garrientes
1739 1964 1793 2008 et
1822 1953 2210 2008 maledicentes.
2229 1979 2296 1995 —-
2320 1956 2426 2006 Fa-

1408 2035 1596 2085 cundia
1608 2073 1623 2094 ,
1639 2031 1825 2085 eadem
1843 2050 1958 2100 quae
1966 2034 2256 2098 garrulitas.
2272 2030 2426 2084 Idem

1412 2121 1493 2163 ter
1506 2109 1648 2167 dixit.
1669 2109 1768 2163 Vir
1783 2108 1999 2179 quidam
2015 2108 2198 2163 doctus
2213 2110 2427 2176 conjec-

1414 2198 1555 2241 turat
1589 2190 1732 2241 Tunc
1770 2207 1985 2257 quoque,
2030 2187 2149 2256 quia
2189 2187 2426 2256 sequitur

1411 2270 1664 2319 remansit.
1679 2264 1787 2319 Sed
1807 2265 2063 2319 refellitur
2082 2284 2113 2318 a
2132 2263 2344 2318 Clarkio
2360 2263 2424 2316 ad

1412 2346 1638 2399 Homer.
1676 2344 1737 2398 Il.
1760 2344 1810 2398 A
1831 2383 1847 2411 ‚
1888 2344 1950 2413 37
1970 2383 1987 2411 ‚
2028 2344 2151 2413 quia
2186 2346 2431 2395 remme’t

1413 2434 1491 2478 est
1532 2434 1741 2492 tempus
1778 2440 2005 2492 presens
2039 2421 2117 2474 rei
2165 2421 2425 2490 perfectae.

1415 2500 1686 2557 Ceterum
1720 2497 1988 2554 Nicandro
2021 2508 2234 2553 auctore
2284 2497 2426 2568 apud

1412 2580 1615 2634 Anton.
1630 2577 1864 2632 Pierides
1888 2578 1944 2630 in
1968 2577 2117 2648 plura
2141 2577 2318 2630 avium
2330 2595 2424 2646 ge·

1412 2676 1542 2712 nera
1586 2666 1803 2710 mutate
1851 2665 1989 2709 sunt.
2017 2681 2086 2695 —-
2107 2655 2428 2721 Studiumquc

1411 2741 1663 2798 inmun
1711 2734 1783 2786 ita
1815 2731 2040 2786 Codices
2079 2729 2261 2785 nostri.
2305 2729 2425 2783 Cio·

1413 2814 1566 2866 sanus
1595 2831 1628 2865 e
1656 2810 1919 2865 codicibus
1954 2807 2265 2879 quibusdam
2297 2825 2425 2877 pro-

1414 2894 1533 2947 tulit
1551 2896 1861 2961 studeamque
1877 2896 2055 2953 thane,
2089 2889 2231 2960 quod
2248 2900 2427 2944 tuetur

1416 2968 1633 3035 Barth.;
1658 2968 1749 3023 sed
1773 2978 1995 3037 uterque
2017 2968 2301 3023 immerito.
2324 2969 2425 3021 Ed.
