3217 5134
612 537 1727 608 METAMORPHOSEON‘
1773 542 1974 608 LIB.
2032 542 2175 609 VI.
2245 566 2260 577 ·

2336 539 2459 631 47¹

329 679 637 754 Excussit
670 708 959 781 pennas3
990 708 1269 780 quarum
1295 679 1653 778 iactatibus
1688 680 1906 753 omnis

327 794 586 869 Adssata
619 812 720 868 est
756 794 988 882 tellus,
1023 793 1362 895 latumque
1396 795 1780 896 perhorruit
1812 821 2079 894 aeqnor3

326 909 838 1010 Pulvereamque
876 910 1139 984 trahens
1169 939 1291 1011 per
1319 938 1574 985 summa
1606 909 1950 986 cacumina
1978 908 2256 1010 pallam,
2364 933 2463 1003 705

324 1025 549 1100 Verrit
577 1026 888 1113 humum;
917 1026 1353 1127 pavidamque
1387 1043 1568 1099 metu
1610 1023 1892 1120 caligine
1929 1041 2144 1099 tectus

322 1141 677 1243 Orithyian
711 1170 933 1217 amans
969 1141 1168 1216 fulvis
1204 1141 1626 1242 amplectitur
1654 1140 1798 1217 alis·

322 1259 501 1332 Dum
534 1260 753 1356 volat,
787 1276 1088 1333 arserunt
1123 1257 1353 1354 agitati
1384 1241 1629 1331 fortius
1667 1258 1896 1352 ignes3

316 1374 454 1447 Nec
486 1372 676 1474 prius
712 1372 871 1447 aerii
905 1400 1137 1446 cursus
1173 1372 1550 1472 suppressit
1587 1372 1918 1459 habenas,

317 1491 541 1586 Quam
579 1490 905 1563 Ciconum
939 1489 1155 1562 tenuit
1181 1486 1515 1589 populos„
1545 1515 1667 1562 sua
1703 1488 1971 1577 moenia,
2005 1505 2257 1590 raptor.
2358 1526 2457 1581 710
2521 1499 2530 1510 '

314 1603 461 1678 Illic
496 1623 564 1679 et
596 1604 796 1701 gelidi
831 1605 1074 1705 conjux
1110 1606 1334 1679 Actaea
1366 1604 1669 1705 tyranni,

316 1722 407 1794 Et
440 1722 739 1818 genetrix
771 1721 943 1796 facta
973 1737 1112 1810 est;
1147 1738 1379 1821 partus
1414 1721 1606 1795 enixa
1640 1720 1996 1815 gemelloS‚

392 1953 506 2022 703-
539 1954 791 2006 Excussit.
808 1993 823 2015 ,
861 1952 1071 2020 iactavit
1094 1991 1110 2020 ‚
1153 1951 1336 2005 movit.

314 2033 472 2086 Mare
498 2035 832 2100 perhorrescit
846 2071 860 2091 ,
896 2050 1063 2101 quum
1085 2049 1336 2084 commo—

311 2121 472 2163 vetur
486 2149 501 2176 ‚
519 2118 580 2162 ut
594 2108 784 2162 fluctus
807 2107 943 2162 edat.
967 2109 1219 2177 Sequitur
1240 2107 1337 2161 ad-

310 2188 567 2242 mirabilis
591 2187 1123 2258 phantasia—Pulvis
1141 2226 1156 2253 ‚
1173 2205 1335 2257 quem

312 2277 499 2321 movet
515 2267 712 2320 Boreas
723 2305 739 2331 ,
755 2276 834 2319 est
849 2268 962 2334 ejus
969 2269 1121 2333 palla
1131 2307 1144 2328 ,
1175 2271 1335 2335 quam

310 2349 503 2406 trahit,
532 2355 590 2398 ut
624 2345 757 2398 solet
783 2363 959 2417 syrma
996 2344 1157 2400 vestis
1182 2343 1334 2398 trabi.

213 2420 220 2429 '
309 2453 380 2465 —
400 2426 605 2477 Verrem
626 2433 821 2476 terram
837 2433 891 2476 et
906 2442 1050 2476 mare
1066 2463 1083 2489 ,
1097 2423 1331 2476 solemne

309 2502 484 2572 poetis
500 2498 566 2554 de
581 2501 752 2554 ventis
766 2499 985 2570 rapidis,
999 2499 1331 2570 superficiem

310 2592 470 2635 terre
490 2581 891 2651 stringentibus,
910 2581 1127 2649 ejusque
1152 2580 1332 2650 pulve-

309 2678 427 2713 rem
444 2678 626 2713 secum
645 2659 1017 2713 auferentibus.
1034 2659 1327 2725 Lucretius,

307 2739 363 2804 Ι,
390 2758 522 2811 ²793
551 2737 664 2803 Vl,
691 2738 821 2805 624;
852 2737 978 2790 AEn.
1018 2737 1075 2805 l,
1101 2738 1181 2791 63.
1219 2738 1328 2792 Sed

302 2815 359 2870 h.
387 2817 421 2869 Ι.
452 2815 729 2887 respicitur
760 2815 826 2868 ad
859 2815 1049 2884 pallam
1067 2854 1082 2882 ,
1121 2835 1239 2885 qun
1274 2825 1329 2870 et

304 2895 415 2964 ipsa
429 2914 623 2948 mmm
636 2897 835 2947 humum
857 2894 1067 2960 dicitur,
1085 2895 1166 2948 xl
1180 2934 1196 2960 ,
1220 2895 1326 2948 166.

302 3000 368 3013 —
386 2975 641 3026 Pavidum
665 2978 815 3025 mett.
840 2972 1082 3044 Propi-rt.
1112 2971 1230 3037 111,
1256 2987 1293 3023 v
1309 3009 1325 3037 ,

305 3068 403 3123 ²9²
428 3049 627 3118 Aquilo
646 3054 802 3117 mpla
817 3052 969 3100 tinwr
988 3049 1329 3118 Orithyia.—

302 3131 485 3182 paleis
498 3129 620 3180 ales.
645 3126 803 3188 Silius
816 3165 831 3192 ,
850 3125 960 3180 XII
983 3164 996 3190 ‚
1016 3125 1112 3194 617
1129 3125 1328 3192 ,fuscis

302 3206 523 3273 Ast-ebus
543 3209 646 3257 alis
661 3244 676 3264 ‚
702 3204 791 3257 ubi
822 3201 940 3256 vide
979 3200 1328 3255 Drakenb.-—·

302 3284 508 3354 Rapuit
521 3281 809 3354 Orithyian
825 3279 888 3333 ad
911 3280 1116 3334 llissum
1137 3277 1328 3333 luden-

301 3372 417 3415 tem
438 3381 451 3414 :
470 3360 545 3415 sic
560 3358 841 3413 Pausanias
854 3397 870 3424 ,
890 3357 1047 3412 Attic.
1060 3378 1109 3428 p.
1124 3361 1186 3424 45
1205 3356 1325 3422 ned

303 3437 448 3509 apud
476 3435 821 3506 Apollonium
842 3436 978 3506 rapit
995 3444 1290 3512 κεκροπίηθεν.

373 3516 490 3584 708.
524 3515 777 3568 Arserunt
791 3524 890 3567 etc.
911 3514 1163 3584 quoniam
1183 3519 1325 3580 ignes

303 3595 395 3663 qui
421 3613 505 3663 pr.
529 3590 779 3645 dicuntur
799 3600 950 3645 motu
982 3589 1137 3644 celeri
1160 3592 1323 3662 magis

300 3675 615 3730 excitantur.
635 3670 796 3724 Ludit
816 3670 1087 3740 ingenium
1110 3668 1289 3724 Ovidii
1304 3709 1320 3736 ,

298 3755 455 3823 isque
483 3752 622 3805 lusus
645 3751 869 3821 ineptus.
894 3749 1115 3803 Heroid.
1141 3765 1284 3803 xvm
1303 3789 1318 3816 ,

301 3835 390 3899 41,
410 3830 480 3883 de
497 3829 694 3882 Borea:
709 3830 837 3881 Tam
850 3831 1047 3895 gelidus
1057 3847 1203 3896 quum
1215 3834 1316 3890 sis,

294 3929 403 3961 non
441 3915 511 3967 te,
530 3913 697 3958 tamen
717 3945 732 3967 ,
776 3909 996 3972 inprobe
1016 3945 1031 3968 ‚
1073 3907 1320 3974 quondam

296 3986 520 4055 Ignibus
540 3983 738 4035 Acteis
757 3985 1033 4036 thealaeiue
1049 4001 1222 4050 negas.

371 4078 489 4131 709.
512 4059 695 4112 Cursus
712 4062 939 4113 habenas
959 4063 1318 4131 ποιητικώτερον,

298 4156 471 4210 quam
492 4157 666 4190 currus
683 4140 933 4201 habenas,
960 4136 1100 4206 quod
1123 4135 1321 4190 babent

297 4218 387 4271 alii
400 4259 414 4280 ,
431 4216 572 4269 inter
585 4234 715 4286 quos
728 4234 864 4269 unns
882 4215 1087 4270 Heinsii
1101 4256 1116 4283 ‚
1133 4225 1186 4269 et
1199 4214 1321 4270 huic

296 4295 400 4366 ipsi
441 4313 553 4348 non
588 4294 903 4365 displicebat.
938 4294 1011 4348 Et
1040 4313 1214 4349 currus
1249 4312 1317 4349 ne

1430 1952 1606 2006 locum
1624 1951 1839 2021 quidem
1853 1970 1998 2005 nunc
2010 1950 2170 2005 habet
2181 1990 2197 2018 ,
2214 1952 2334 2022 quia
2348 1953 2451 2006 Bo·

1430 2049 1545 2083 reas
1566 2048 1677 2082 non
1698 2047 1856 2083 curru
1877 2029 2116 2101 vehitur,
2133 2027 2223 2082 sed
2244 2029 2333 2083 alis
2352 2050 2452 2083 vo-

1429 2107 1518 2159 lat.
1539 2135 1607 2147 —
1631 2109 1938 2174 Supprimere
1952 2147 1965 2168 ,
1995 2106 2263 2160 retrabere
2286 2108 2452 2170 ;-hinc

1431 2191 1731 2253 supprimere
1740 2188 1963 2238 habenas
1977 2204 2152 2238 cursus
2158 2189 2289 2238 aerii
2296 2186 2452 2255 paulo

1433 2263 1677 2317 audacius
1694 2303 1709 2330 ‚
1731 2262 1978 2317 desistere
2001 2281 2214 2317 currere
2236 2283 2334 2333 per
2356 2283 2449 2318 ae-

1430 2343 1857 2402 rem—Cicones,
1880 2360 2007 2410 gens
2018 2339 2272 2397 Thracia.
2284 2341 2450 2395 Thra-

1430 2417 1506 2470 cia
1521 2428 1700 2471 autem
1718 2418 2007 2472 habebatur
2020 2430 2301 2472 ventorum
2312 2459 2329 2486 ‚
2347 2418 2450 2471 Bo-

1428 2512 1533 2547 reae
1546 2494 1787 2564 inprimis
1798 2534 1815 2563 ,
1832 2494 2182 2550 babitaculum
2194 2536 2212 2564 ‚
2231 2499 2374 2567 isque
2389 2498 2446 2550 in

1429 2582 1611 2626 monte
1631 2573 1825 2626 Haemo
1839 2574 2143 2645 speluncam
2160 2574 2445 2645 quamdam

1427 2648 1660 2704 incolere
1701 2651 2026 2706 credebatur.
2068 2651 2206 2707 Vide
2252 2652 2445 2706 Theo-

1427 2725 1699 2798 phrastum
1713 2767 1729 2796 ‚
1746 2728 1812 2783 de
1831 2728 2011 2784 Causs.
2029 2729 2276 2796 PlantN,
2294 2750 2371 2800 17,
2391 2740 2446 2782 et

1427 2802 1493 2856 de
1520 2805 1708 2858 Ventis
1724 2843 1739 2872 ,
1764 2825 1814 2874 p.
1832 2806 1954 2877 '409·
1991 2806 2137 2860 Hinc
2155 2814 2369 2879 Θρηδᾱος
2390 2815 2447 2858 et

1425 2887 1688 2955 Στρυμόνιος
1696 2883 2097 2935 vocaturn—Sua
2104 2887 2289 2936 mamb
2303 2901 2333 2934 e
2347 2882 2449 2935 Ba-

1423 2957 1629 3012 sileensi
1652 2960 1992 3013 Burmannus
2016 2959 2191 3027 dedit,
2214 2970 2274 3013 ut
2298 2959 2444 3013 addi·

1427 3047 1539 3090 tum
1565 3039 1632 3091 sit
1654 3057 1749 3108 per
1770 3038 2168 3108 appositionem.
2193 3039 2370 3109 Vulgo
2394 3046 2449 3092 et

1422 3124 1617 3171 menia.
1650 3118 1732 3171 Ita
1748 3128 1804 3172 et
1830 3118 1982 3189 Regii
2007 3119 2173 3173 nostri
2200 3117 2440 3174 Codices.

1421 3222 1490 3236 ·-
1504 3198 1696 3250 Materia
1710 3195 1917 3267 dignius
1932 3217 2089 3269 quam
2101 3197 2362 3268 spelunca.
2372 3226 2439 3239 —

1421 3277 1639 3342 Raptor,·
1658 3281 1797 3342 rapi,
1822 3275 2031 3347 proprie
2050 3275 2116 3329 de
2138 3276 2439 3346 virginibus.

1489 3373 1600 3424 7¹¹·
1631 3356 1710 3407 Et
1736 3359 1926 3423 gelidi,-
1964 3354 2179 3424 quidam
2216 3360 2429 3424 epidi,

1421 3432 1562 3503 quod
1596 3436 1808 3504 prefert
1834 3434 1973 3487 Mar.
2008 3435 2286 3488 Accursius
2302 3474 2317 3501 ,
2348 3435 2438 3504 qui

1418 3521 1604 3565 monet
1623 3512 1726 3565 boc
1748 3511 2061 3570 vocabulum
2079 3520 2134 3566 et
2153 3512 2438 3566 vehemen-

1418 3601 1501 3644 ter
1524 3599 1579 3642 et
1601 3588 1938 3643 mediocriter
1958 3588 2209 3660 frigidum
2231 3600 2434 3645 notare.

1417 3694 1485 3708 —
1500 3667 1652 3737 Regii
1675 3666 1840 3719 nostri
1862 3705 1878 3734 ‚
1906 3674 1959 3719 et
1973 3669 2145 3734 gelidi.
2172 3669 2438 3739 Gelidity·

1415 3749 1594 3811 raum}
1608 3745 1795 3798 Boreae
1808 3783 1823 3810 ‚
1836 3744 1924 3812 qui
1939 3743 2297 3815 frigidissimus
2321 3763 2434 3797 om·

1416 3821 1567 3874 nium
1587 3831 1888 3876 ventorum.
1915 3823 2015 3875 Ed.
2028 3849 2094 3860 —
2108 3823 2318 3886 Actae,
2339 3823 2434 3875 At·

1415 3901 1517 3955 tica
1538 3918 1553 3953 ι
1575 3899 1694 3953 vide
1738 3899 1804 3953 ad
1842 3901 1899 3967 1,
1927 3900 2057 3954 313:
2079 3901 2271 3954 Actt'as’
2311 3903 2434 3953 Ori-

1414 3983 1587 4052 thyia,
1614 3978 1753 4050 apud
1783 3979 1928 4049 Virg.
1957 3978 2154 4049 Geor-g.
2178 3979 2261 4033 lv
2277 4019 2294 4046 ,
2317 3981 2431 4045 463.

1413 4060 1678 4111 -Partus
1696 4056 1762 4111 de
1782 4057 1944 4128 prole.
1968 4056 2079 4111 Sed
2103 4058 2158 4110 in
2183 4077 2286 4127 qua
2308 4077 2432 4112 cor-

1413 4137 1554 4208 poris
1590 4147 1738 4207 parte
1773 4137 1846 4190 itti
1870 4156 2072 4205 pennas
2107 4135 2386 4192 habuerint
2412 4178 2427 4206 ‚

1413 4213 1479 4268 de
1497 4233 1562 4268 eo
1577 4233 1689 4267 non
1703 4214 2040 4282 consentiunt
2057 4225 2238 4285 poete.
2261 4216 2428 4289 Hygi-

1413 4312 1516 4349 nus
1530 4333 1548 4363 ,
1573 4293 1746 4350 sabula
1776 4296 1867 4362 14:
1891 4297 1973 4349 Hi
1988 4301 2167 4365 capita
2189 4300 2438 4365 pedesque
