3217 5134
768 532 898 599 308

1311 523 1389 587 P.
1457 482 1823 587 ov1n11
1886 511 2344 585 NAsoms

761 671 1116 766 Tempore.
1154 659 1530 735 Leucothee
1559 655 1920 731 multarum
1954 650 2200 727 oblivia
2229 650 2388 725 fecit
2408 670 2436 738 ,·

768 783 1007 858 Gentis
1048 775 1396 853 odorifera
1436 801 1635 874 quam
1666 768 2146 873 formosissima
2179 783 2380 867 partu

766 897 999 974 Edidit
1031 898 1451 993 Eurynome3
1489 885 1605 962 sed
1628 943 1647 975 ‚
1683 903 2041 987 postquam
2074 881 2210 956 filia
2244 879 2447 955 crevit
2467 936 2487 970 ,

2805 918 2902 952 210

774 1021 997 1116 Quam
1030 1029 1241 1089 mater
1274 1024 1573 1093 cunctaS‚
1611 1023 1747 1078 tam
1779 1019 2055 1077 matrem
2086 997 2222 1073 filia
2253 998 2433 1072 vicit.

773 1134 977 1210 Rexit
1004 1123 1457 1205 Achaemenias
1483 1121 1687 1196 urbes
1721 1137 1910 1220 pater
1946 1116 2356 1202 Orchamus;
2384 1113 2576 1215 isque

779 1248 1119 1350 Septimus
1154 1272 1191 1316 a
1222 1238 1426 1343 prisci
1458 1252 1845 1311 numeratur
1878 1233 2134 1329 origine
2167 1229 2337 1305 Beli.

775 1365 919 1438 Axe
958 1359 1085 1436 sub
1120 1355 1447 1457 Hesperio
1483 1369 1644 1427 sunt
1675 1376 1919 1452 pascua
1952 1345 2130 1421 Solis
2164 1371 2486 1446 equorum
2515 1374 2531 1415 ε

700 1503 707 1514 ·
774 1474 1200 1553 Ambrosiam
1231 1498 1356 1572 pro
1393 1467 1685 1564 gramine
1712 1464 2000 1550 babent;
2039 1491 2115 1536 ea
2147 1461 2318 1535 sessa
2352 1457 2609 1532 diurnis

2808 1479 2903 1533 215

782 1591 1092 1669 Membra
1116 1584 1501 1661 ministeriis
1533 1580 1751 1655 nutrit
1770 1636 1791 1667 ‚
1818 1596 2212 1680 reparatque
2244 1575 2458 1651 labori
2487 1604 2505 1648 ε

779 1710 1092 1807 Dumque
1127 1702 1228 1777 ibi
1268 1695 1728 1800 quadrupedes
1762 1694 2043 1769 caelestia
2072 1691 2319 1794 pabula
2352 1708 2631 1792 carpunt
2649 1746 2669 1778 ‚

779 1827 1066 1924 Noxque
1098 1819 1306 1893 vicem
1341 1814 1636 1917 peragit;
1671 1809 1995 1884 thalamos
2029 1809 2214 1882 Deus
2246 1808 2448 1881 intrat
2480 1823 2733 1881 amatos
2759 1859 2778 1892 ,

777 1942 1028 2012 Versus
1061 1935 1134 2007 in
1165 1935 1577 2031 Eurynomes
1606 1923 1841 1999 faciem
1877 1920 2226 2018 genetricis
2253 1950 2269 2010 ;
2304 1938 2370 1995 et
2404 1921 2579 1994 inter

781 2055 901 2129 Bis
937 2080 1051 2127 sex
1078 2043 1505 2123 Leucothoen
1538 2037 1817 2113 famulas
1848 2037 1929 2112 ad
1964 2036 2213 2110 lumina
2247 2034 2461 2108 cernit

2808 2067 2902 2102 220

780 2170 979 2246 Levia
1008 2181 1267 2240 versato
1300 2160 1649 2234 ducentem
1679 2155 1957 2230 stamina
1985 2151 2160 2227 fuso.

778 2347 936 2398 batur
958 2338 1198 2395 Heinsio.
1232 2336 1573 2388 Burmannus
1601 2350 1799 2385 cense—

787 2424 878 2475 bat
895 2417 1181 2489 legendum
1198 2430 1398 2482 queque
1415 2414 1521 2464 illo.
1541 2436 1607 2449 ·—
1626 2406 1808 2463 Nostri

794 2496 1019 2553 Codices
1056 2494 1151 2547 hos
1187 2507 1365 2544 versus
1398 2487 1643 2541 exhibent
1670 2504 1806 2555 quos

785 2576 1063 2640 dedimus,
1111 2570 1212 2624 nisi
1252 2565 1397 2637 quod
1440 2566 1495 2618 in
1533 2585 1627 2634 207
1674 2563 1804 2617 dant

790 2657 1015 2708 habebas
1032 2690 1047 2715 ‚
1081 2666 1179 2719 pro
1206 2646 1436 2699 habebat.
1462 2639 1561 2695 Ed.
1584 2669 1651 2685 ·—
1667 2643 1829 2709 [μευ--

787 2753 881 2803 que
913 2734 1006 2784 illo
1043 2739 1141 2783 etc.
1199 2725 1403 2777 Locum
1437 2739 1545 2775 esse
1582 2737 1768 2775 sanum
1786 2758 1805 2786 ,

792 2829 893 2864 nec
921 2804 1218 2860 desiderare
1259 2815 1480 2853 manum
1509 2794 1769 2849 medicam
1787 2832 1803 2861 ‚

755 2890 771 2909 ⁹
796 2895 1008 2957 apparet
1029 2902 1057 2936 e
1077 2898 1211 2937 vers.
1236 2877 1334 2943 234
1353 2893 1466 2944 sqq.
1618 2886 1624 2891 ·

855 2984 888 3017 a
897 2981 971 3016 10.
983 2963 1280 3030 Eurynome.
1293 2950 1496 3008 Oceani
1508 2960 1562 3003 et
1571 2947 1808 3021 Tethyos

791 3041 896 3095 filia
924 3035 1168 3109 (Hesiod.
1183 3033 1386 3102 Theog.
1408 3048 1564 3084 versu
1587 3026 1726 3097 358).
1742 3054 1810 3069 —··

799 3122 940 3177 Vt'ci!
951 3116 1123 3169 verius
1143 3111 1276 3164 mihi
1290 3109 1563 3163 videbatur
1577 3148 1593 3175 ,
1615 3125 1775 3176 quam
1789 3145 1804 3173 ‚

793 3193 937 3267 quod
959 3191 1210 3247 Heinsius
1227 3187 1425 3256 recepit
1442 3227 1458 3254 ‚
1481 3191 1654 3239 vincit.
1676 3185 1811 3239 Nos-

794 3274 862 3328 tri
890 3268 1114 3325 Codices
1146 3264 1298 3334 Regii
1327 3263 1524 3316 habent
1551 3267 1723 3315 w'ncit.
1743 3288 1809 3301 —

1143 3344 1345 3417 primus
1368 3343 1650 3393 Persarum
1682 3359 1771 3392 rex
1793 3360 1808 3406 ς

793 3511 1025 3569 chamus,
1046 3504 1242 3571 conjux
1255 3501 1559 3570 Eurynomes
1573 3538 1585 3559 ,
1604 3507 1660 3550 et
1679 3498 1813 3550 Per-

792 3602 970 3640 sarum
990 3602 1095 3635 rex.
1126 3606 1192 3619 —
1214 3581 1388 3631 Prisci
1413 3578 1547 3629 Beli.
1592 3571 1814 3631 Codices

798 3663 952 3731 Regii
976 3658 1142 3714 nostri
1161 3656 1357 3710 habent
1377 3676 1413 3707 a
1426 3658 1644 3722 prisco...
1666 3653 1812 3705 Belo.

797 3743 973 3793 Pru-ce·
1004 3737 1149 3791 enim
1185 3745 1239 3787 et
1274 3736 1476 3801 antiqui
1499 3772 1512 3793 ‚
1557 3741 1813 3783 monente

795 3820 1127 3883 Bur-manno,
1140 3816 1303 3886 poetis
1317 3812 1565 3866 dicuntur
1579 3821 1815 3863 auctores

799 3910 856 3953 et
882 3896 1179 3953 conditores
1216 3892 1454 3964 gentium
1485 3906 1813 3958 regnorum-

798 3996 917 4046 que.
947 3976 1068 4029 Hoe
1088 3971 1450 4026 additamento
1477 3965 1813 4019 Leucotbeen

757 4075 832 4131 r'a
861 4056 1066 4124 generis
1101 4051 1407 4121 antiquitate
1440 4044 1812 4100 commendare

802 4134 981 4188 voluit.
1029 4161 1096 4173 —
1130 4132 1314 4186 Plures
1349 4130 1505 4181 Belo:
1537 4126 1815 4195 antiquitas

799 4211 957 4269 habet
990 4248 1007 4276 ,
1070 4208 1136 4261 de
1178 4208 1365 4277 quibus
1408 4204 1524 4258 vide
1572 4204 1813 4257 Perizon.

804 4287 987 4359 Origg.
1002 4285 1183 4358 Babyl.
1195 4286 1248 4341 1³
1267 4323 1283 4353 ,
1300 4284 1389 4352 qui
1407 4281 1676 4352 Babylona
1694 4299 1814 4334 con-

1900 2328 2089 2383 didisse
2112 2326 2423 2382 credebatur
2438 2363 2455 2391 ,
2481 2333 2535 2376 et
2558 2341 2587 2375 a
2612 2318 2905 2394 Babyloniis

1898 2426 2108 2462 summa
2138 2404 2391 2474 religione
2420 2400 2690 2456 colebatur
2707 2441 2722 2467 ‚
2762 2403 2783 2454 ὅ
2816 2401 2905 2474 ἆρ-

1902 2500 2037 2558 χοεῖος
2052 2527 2068 2554 ,
2088 2497 2143 2541 et
2155 2488 2390 2554 antiquus
2402 2481 2687 2536 dicebatur.
2701 2508 2769 2521 -
2784 2479 2905 2531 Ver·

1898 2567 1979 2621 bis
2011 2568 2175 2634 Quam
2206 2570 2368 2617 mater
2395 2571 2493 2615 etc.
2540 2559 2809 2614 exornavit
2836 2557 2905 2609 il-

1899 2643 1994 2697 lud
2017 2642 2206 2697 Horat.
2226 2643 2281 2706 1,
2312 2638 2417 2695 od.
2439 2653 2568 2704 xvl,
2596 2658 2617 2691 1
2648 2657 2665 2690 z
2695 2639 2743 2690 0
2762 2642 2908 2689 natet

1891 2723 2240 2791 pulch-afilia
2251 2719 2521 2785 pulchrior.
2551 2714 2750 2771 Similis
2768 2731 2906 2768 com-

1903 2799 2131 2870 pat-atie,
2161 2797 2215 2850 11
2236 2835 2251 2864 ,
2279 2815 2372 2864 72²
2397 2813 2509 2863 sqq.

1969 2896 1997 2928 α
2009 2877 2082 2940 ι4.
2093 2875 2234 2927 Axis
2245 2871 2365 2925 alias
2377 2869 2563 2924 celum
2577 2907 2592 2934 ,
2609 2886 2756 2922 nune
2764 2876 2905 2919 terra.

1854 2966 1864 2977 '
1904 2980 1971 2997 ·—-
1990 2951 2075 3005 De
2096 2954 2352 3005 ambmsia
2374 2949 2597 3003 istorum
2621 2961 2872 3016 equorum
2887 2982 2901 3007 ,

1904 3032 2022 3087 vide
2048 3030 2111 3084 ad
2137 3030 2192 3084 11
2212 3068 2228 3097 ,
2272 3048 2381 3082 no.
2414 3027 2493 3081 Ibi
2526 3037 2671 3080 stant
2693 3023 2757 3078 ad
2780 3040 2901 3093 prt-

1904 3110 2045 3181 sepia
2062 3148 2078 3176 ,
2104 3108 2188 3163 hic
2206 3116 2388 3161 errant
2406 3105 2461 3158 in
2483 3105 2700 3175 pascuis.
2720 3130 2787 3143 —
2804 3102 2904 3153 Ha-

1905 3192 2038 3242 bent.
2063 3185 2244 3239 Codex
2264 3183 2460 3252 Regius
2482 3183 2531 3235 A
2546 3221 2563 3249 ,
2588 3184 2903 3235 habentk.—

1905 3268 2160 3333 Bepamt,
2195 3260 2378 3315 reficit.
2390 3289 2456 3303 ·-
2476 3260 2689 3327 Carpere
2699 3258 2899 3327 pabule.

1907 3346 1969 3399 iis
2000 3343 2161 3405 vesci,
2197 3342 2356 3397 etiam
2380 3340 2517 3394 Fast.
2556 3340 2638 3393 lv
2658 3378 2674 3405 ‚
2710 3342 2817 3408 750.
2848 3361 2902 3378 ·-·

1916 3426 2089 3478 Vicem
2101 3425 2303 3489 peragi!
2318 3436 2347 3470 e
2372 3437 2430 3471 re
2454 3415 2667 3469 militari
2689 3414 2903 3468 ductum.

1976 3503 2086 3555 218.
2134 3499 2218 3553 De
2254 3500 2496 3549 thalamis
2510 3537 2526 3557 ,
2566 3495 2690 3547 vide
2723 3493 2785 3547 ad
2822 3491 2869 3545 ΙΙ
2885 3528 2901 3553 ,

1912 3580 2022 3649 737.
2047 3576 2131 3630 De
2150 3575 2441 3628 mutatione
2458 3573 2557 3626 hac
2576 3572 2699 3626 vide
2722 3571 2785 3625 ad
2803 3568 2873 3623 111
2886 3608 2904 3632 ,

1912 3658 2022 3727 273.
2060 3684 2127 3697 -
2149 3658 2392 3715 Amatos,
2426 3654 2483 3706 in
2509 3653 2703 3722 quibus
2724 3650 2907 3703 habita-

1911 3736 2000 3788 bat
2027 3746 2213 3788 amata.
2243 3761 2311 3773 —
2341 3734 2436 3786 Ad
2459 3735 2670 3784 lumba.
2705 3728 2907 3782 Sueton.

1916 3815 2047 3869 Ces.
2082 3817 2180 3885 37:
2204 3813 2487 3868 Adscendit
2520 3813 2816 3878 Capitolium
2842 3807 2912 3855 σέ

1910 3896 2119 3945 lumina.
2143 3891 2398 3945 Similiter
2420 3906 2584 3958 graece
2609 3892 2716 3963 πρὶς
2734 3896 2828 3957 φῶς·
2845 3906 2908 3920 ····

1914 3972 2091 4025 Lem:
2111 3970 2182 4023 sic
2196 3968 2427 4039 plerique
2438 3986 2469 4021 e
2484 3962 2877 4035 castigatioribus
2890 3979 2909 4021 ;

1914 4046 2167 4100 Heinsius
2191 4046 2512 4114 conjecturat
2544 4048 2745 4104 tenuia
2769 4038 2912 4091 Gro-

1911 4127 2118 4193 novius,
2135 4129 2321 4179 mollia.
2338 4121 2477 4192 quod
2495 4122 2822 4174 Burmannus
2835 4113 2915 4165 in·

1916 4203 2097 4273 telligit
2120 4203 2185 4256 de
2204 4201 2429 4255 vestibus
2443 4198 2682 4252 mollibus
2698 4235 2714 4263 ,
2731 4195 2792 4248 de
2806 4189 2915 4260 qui-

1910 4280 2008 4335 bus
2028 4280 2153 4335 Luc.
2178 4280 2287 4335 Vll
2303 4319 2319 4349 ‚
2356 4283 2434 4335 25.
2459 4275 2641 4335 Nostri
2662 4271 2803 4343 Regii
2823 4266 2912 4321 11⁸·
