3217 5134
633 498 1663 573 METAMORPHOSEON
1708 500 1905 571 LIB.
1957 503 2070 573 II.

2291 528 2422 600 207

283 647 442 719 Non
475 670 666 719 secus
702 640 979 731 exarsit,
1016 669 1214 742 quam
1247 670 1455 743 quum
1484 640 1811 719 balearica
1841 641 2197 744 plumbum

283 760 524 838 Funda
550 759 714 861 jacit
743 789 759 834 ε
789 756 970 833 volat
995 756 1202 847 illud,
1239 776 1307 831 et
1339 757 1748 835 incandescit
1781 759 2040 851 eundo,

281 882 415 969 Et,
451 905 626 981 quos
658 904 802 949 non
831 874 1111 965 habuit,
1149 875 1278 950 sub
1310 874 1615 951 nubibus
1647 875 1903 951 invenit
1933 877 2143 974 ignes.

282 995 511 1072 Vertit
544 992 703 1080 iter3
742 990 1040 1093 caeloque
1070 991 1243 1093 petit
1276 989 1531 1067 diversa
1566 989 1845 1081 relicto;

2339 1019 2440 1088 730

282 1115 426 1188 Nee
463 1139 532 1186 se
570 1105 991 1210 dissimulat:
1031 1125 1213 1183 tanta
1248 1125 1350 1183 est
1371 1107 1615 1182 fiducia
1647 1107 1920 1183 formae!

286 1229 463 1327 Quae
499 1252 880 1327 quanquam
906 1223 1090 1323 justa
1127 1243 1265 1315 est,
1303 1252 1461 1300 cura
1496 1243 1716 1299 tamen
1751 1224 2017 1325 adjuvat
2046 1225 2271 1316 illam;

285 1340 797 1443 Permulcetque
826 1368 1083 1430 comas;
1119 1339 1701 1444 chlamydemque,
1738 1360 1818 1417 ut
1850 1342 2138 1444 pendeat
2167 1362 2323 1446 apte
2344 1401 2364 1435 ‚

288 1457 634 1545 Collocat3
671 1475 750 1530 ut
783 1456 1067 1546 limbus,
1105 1475 1458 1560 totumque
1491 1457 1807 1562 adpareat
1838 1488 2117 1550 aur-um3

281 1578 387 1653 Ut
419 1593 592 1655 teres
626 1574 699 1647 in
731 1571 1003 1665 dextra,
1040 1603 1170 1675 qua
1204 1602 1479 1649 somnos
1510 1575 1728 1663 ducit,
1766 1593 1834 1651 et
1866 1594 2074 1664 arcet,

2339 1600 2440 1672 735

294 1694 505 1789 Virga
541 1691 658 1781 sit,
693 1707 776 1765 ut
807 1691 1002 1766 tersis
1034 1691 1291 1767 niteant
1323 1690 1552 1766 talaria
1582 1689 1853 1792 plantis.

289 1810 460 1885 Pars
494 1824 744 1882 secreta
779 1805 1019 1883 domus
1048 1807 1248 1883 ebore
1280 1826 1351 1884 et
1380 1807 1716 1883 testudine
1746 1806 1965 1883 cultos

357 2019 417 2070 7²
425 2019 472 2071 7.
512 1999 805 2053 Balearica.
829 1996 1135 2053 Similitudo
1160 1998 1316 2069 paulo

289 2075 444 2131 altius
459 2076 681 2147 repetita
696 2115 712 2144 ,
728 2094 829 2132 nec
843 2076 976 2131 adeo
991 2095 1315 2148 magnopere

290 2157 578 2229 probanda.
613 2156 876 2212 Eamdem
913 2157 970 2210 in
1007 2156 1164 2210 aliam
1196 2176 1316 2211 rem

291 2234 590 2304 transtulit,
610 2236 768 2304 XIV,
794 2238 907 2291 825.
929 2234 1073 2289 Cum
1096 2235 1206 2290 aliis
1226 2256 1317 2290 re-

288 2314 390 2368 bus
428 2314 623 2368 amoris
663 2314 801 2384 ignis
836 2323 1176 2384 comparatur
1193 2353 1211 2382 ,
1248 2313 1278 2367 1
1296 2352 1313 2382 ,

288 2394 544 2467 492-494.
555 2419 620 2434 -
630 2393 907 2446 Balearica
920 2410 939 2459 ‚·
962 2391 1194 2462 plurimi,
1206 2393 1317 2445 Ba-

289 2473 478 2535 Ieisn'a‚·
499 2470 593 2525 sed
618 2470 786 2523 nostri
801 2470 986 2541 Regii,
1007 2471 1284 2525 Balearica
1300 2490 1318 2522 .·

293 2569 398 2619 qua
441 2548 743 2603 Balearium
785 2548 1079 2603 insularum
1131 2547 1318 2603 incole

293 2626 521 2680 maxime
559 2636 800 2680 utuntur.
849 2624 1095 2680 Baleares
1137 2636 1318 2681 autem

289 2703 476 2758 insulae
492 2712 618 2757 sunt
632 2701 768 2771 due,
782 2701 1051 2772 Hispaniae
1077 2701 1320 2771 adjacen-

292 2793 387 2845 tes,
401 2801 627 2852 quarum
644 2780 826 2853 incolae
837 2780 1022 2850 optimi
1036 2791 1189 2834 erant
1203 2781 1231 2833 s
1226 2800 1319 2834 un-

292 2861 509 2925 ditores3
520 2858 681 2913 hodie
691 2859 930 2928 majorca
941 2878 970 2911 e
977 2868 997 2911 t
1005 2860 1323 2913 M'norcae-

291 2942 560 2995 plumbum
575 2980 591 3005 ,
631 2939 934 3010 plumbeam
956 2939 1133 3007 pilam.
1155 2939 1256 2992 Ed.

363 3017 477 3088 730.
505 3019 753 3080 Diuersa,
798 3016 1035 3086 opposita
1044 3044 1065 3082 ·,
1099 3024 1322 3069 contra-

292 3095 376 3150 ria
389 3136 406 3164 ,
430 3093 485 3148 h.
496 3094 531 3148 l.
556 3104 714 3148 terra.
725 3120 795 3134 —
810 3097 917 3148 Nec
932 3113 990 3146 se
999 3097 1318 3158 dissimulat,

292 3192 410 3227 non
438 3172 592 3225 aliam
619 3172 847 3224 sormam
873 3170 1036 3223 sumit
1062 3188 1077 3222 ι
1100 3168 1220 3222 vide
1255 3167 1321 3223 ad

292 3252 410 3322 374.
436 3250 638 3303 Merito
659 3248 776 3301 fidit
783 3249 998 3316 forme,
1042 3247 1242 3302 etenim
1269 3256 1324 3301 et

289 3330 517 3402 pulchra
556 3339 609 3383 et
635 3328 878 3397 juvenilis
902 3328 950 3382 ei
975 3327 1323 3381 tribuebatur.

288 3437 364 3449 -
393 3410 581 3475 Juxta,
607 3405 840 3478 pulchra.
866 3404 1134 3459 Schirach.
1162 3422 1324 3458 eom-

290 3500 450 3561 parat
475 3486 781 3559 Francogal.
800 3490 983 3540 admit.
1005 3511 1073 3525 —
1091 3486 1321 3546 Justum,

293 3567 558 3640 quidquid
585 3568 639 3619 in
670 3585 764 3620 suo
802 3583 995 3634 genere
1031 3564 1327 3634 perfectum

293 3657 399 3714 est,
415 3656 472 3700 et
495 3644 742 3699 omnibus
763 3644 998 3697 numeris
1016 3641 1328 3695 absolutum.

294 3725 392 3779 Sic
393 3724 549 3795 justa
561 3730 773 3783 statura,
779 3724 958 3791 justas
968 3726 1217 3774 exercitus
1228 3728 1328 3772 etc.

293 3830 371 3844 --
397 3798 776 3871 Cara'ponitur
809 3799 872 3852 de
900 3801 1044 3852 cultu
1061 3837 1079 3866 ‚
1103 3796 1329 3867 capillo-

292 3902 433 3936 rum
454 3884 507 3935 in
533 3880 730 3952 primis.
756 3878 1072 3946 Phaedr.11,
1101 3878 1224 3932 Fab.
1250 3892 1326 3943 ιι,

292 3962 334 4015 8
357 3981 372 4015 :
398 3962 688 4030 magicum
710 3964 981 4012 mulierum.
1010 3958 1043 4005 Ν
1060 3958 1129 4011 id.
1153 3956 1330 4011 Bentl.

293 4039 371 4095 ad
406 4041 598 4094 Horat.
628 4040 689 4108 l,
730 4038 890 4109 Epist.
918 4039 979 4108 1,
1012 4040 1092 4110 94.
1140 4038 1330 4090 Facete

291 4130 487 4174 autem
514 4117 651 4172 banc
674 4136 856 4171 curam
871 4119 979 4186 jam
994 4114 1332 4168 describit.—

291 4199 614 4269 Chlantsdcs
625 4196 868 4267 cingebat
889 4198 1088 4255 limbus,
1112 4193 1194 4246 vel
1207 4212 1334 4262 pur-

282 4297 530 4355 pureus,
566 4277 648 4330 vel
668 4317 684 4346 ,
720 4277 763 4331 si
792 4278 899 4346 ipsa
929 4292 1195 4346 purpurea
1236 4291 1331 4327 es-

1413 2009 1523 2066 set,
1543 2017 1734 2051 aureus
1751 2008 1842 2052 aut
1861 1998 2030 2067 pictus
2053 2008 2108 2052 et
2130 1998 2437 2069 variegatus.

1416 2074 1703 2149 chlamydi
1727 2075 1824 2147 ipsi
1843 2095 2006 2129 auree
2025 2075 2210 2146 figure
2229 2077 2437 2133 intexe—

1412 2155 1626 2209 bantur.
1661 2153 1848 2226 Virgil.
1885 2153 2104 2208 AEneid.
2141 2155 2260 2221 IV,
2303 2156 2437 2228 137;

1414 2229 1500 2299 V,
1543 2234 1640 2285 250
1661 2250 1773 2302 sqq.
1802 2230 2097 2300 Quomodo
2120 2244 2300 2286 autem
2324 2234 2436 2288 col-

1409 2308 1579 2365 locata
1610 2310 1679 2363 sit
1717 2309 1984 2383 chlamys,
2021 2321 2082 2364 ut
2116 2312 2174 2363 in
2213 2311 2440 2366 humero

1412 2389 1631 2445 dextero
1666 2391 1948 2445 constricta
1992 2392 2264 2446 sinistrum
2303 2393 2437 2447 bra—

1412 2468 1594 2525 chium
1633 2480 1835 2541 tegeret
1855 2508 1872 2537 ,
1913 2469 2032 2523 vide
2067 2471 2125 2523 in
2168 2471 2439 2525 Winkel-

1412 2547 1598 2601 manni
1625 2547 1699 2602 H.
1726 2547 1792 2600 A.
1817 2568 1869 2618 p.
1891 2547 2007 2600 306.
2042 2574 2109 2590 ·-·
2152 2550 2440 2618 Totumque.

1415 2625 1635 2697 Regius,
1644 2632 1942 2696 textumque.
1953 2625 2195 2681 Klotzius
2208 2627 2272 2681 ad
2288 2628 2441 2701 Tyrt.

1413 2726 1464 2776 p.
1520 2724 1611 2759 102
1632 2744 1649 2773 ,
1697 2703 1885 2759 suadet
1923 2712 2211 2775 tortumque.
2259 2707 2439 2761 Nostri

1417 2783 1572 2854 Regii
1584 2783 1634 2836 A
1646 2794 1699 2837 et
1709 2782 1755 2836 B
1769 2822 1785 2851 ,
1804 2789 2101 2851 textamque,
2116 2782 2258 2852 quod
2273 2785 2443 2838 multo

1416 2861 1707 2932 elegantius
1731 2859 1883 2913 nobis
1907 2859 2131 2915 videtur.
2158 2863 2338 2914 Ed.·—
2363 2862 2445 2916 Ex

1416 2941 1706 3012 posteriore
1715 2940 1832 2994 loco
1846 2939 2008 3009 possis
2021 2950 2077 2993 et
2088 2946 2266 2993 tortam
2284 2943 2443 3010 tueri,

1419 3019 1560 3090 quod
1588 3019 1834 3074 Klotzius
1852 3058 1867 3086 ,
1889 3017 2036 3071 nulla
2073 3028 2252 3073 tamen
2289 3039 2445 3075 causa

1418 3100 1597 3157 addita
1614 3140 1630 3168 ,
1667 3099 1840 3156 suasit.
1879 3128 1947 3142 ·-
1975 3102 2090 3168 Qua
2111 3121 2314 3156 somnos
2345 3114 2445 3160 etc.

1418 3179 1538 3233 vide
1565 3178 1632 3233 ad
1660 3180 1686 3234 1
1705 3219 1722 3247 ,
1756 3179 1848 3249 671
1875 3220 1891 3247 ,
1935 3182 2106 3244 ducit,
2148 3179 2374 3237 adducit.

1488 3256 1600 3328 737.
1640 3258 1773 3310 Pars
1817 3264 2011 3311 secreta
2049 3262 2239 3312 domas.
2283 3258 2446 3329 Apud

1421 3333 1633 3391 Grecos
1658 3337 1905 3391 mulieres
1918 3339 1975 3392 in
1992 3345 2186 3392 secreta
2196 3359 2290 3392 seu
2305 3340 2446 3394 inte-

1420 3413 1560 3468 riore
1600 3413 1795 3469 aedium
1824 3426 1971 3486 parte
2004 3415 2286 3480 sedebant,
2327 3435 2446 3484 quae

1422 3493 1764 3565 gynaeconitis
1804 3493 2174 3563 appellabatur.
2227 3490 2445 3548 Cornel.

1422 3570 1557 3640 Nep.
1581 3571 1724 3641 pres.
1759 3570 1994 3640 Singulae
2029 3568 2291 3624 habebant
2325 3591 2448 3626 suos

1423 3650 1681 3702 thalamos
1701 3668 1794 3702 seu
1811 3648 2046 3702 cubicula
2059 3688 2074 3714 ,
2101 3669 2331 3717 quorum
2348 3672 2443 3721 pa·-

1424 3727 1583 3781 rietes
1618 3736 1672 3779 et
1704 3727 1841 3783 sores
1874 3724 2123 3797 distingui
2152 3727 2278 3780 olim
2307 3730 2447 3782 sole—

1423 3806 1554 3860 bant
1590 3805 1765 3859 tinctis
1812 3804 2118 3858 animalium
2156 3808 2403 3862 cornibus
2426 3849 2444 3879 ‚

1425 3889 1569 3939 ebore
1578 3894 1633 3938 et
1644 3888 1948 3939 testudinum
1959 3886 2294 3956 tegminibus,
2309 3887 2449 3942 Plin.

1430 3962 1569 4016 Hist.
1604 3963 1726 4016 Nat.
1751 3963 1884 4017 XVI
1907 4004 1921 4030 ,
1945 3965 2024 4031 44.
2067 3963 2211 4033 Virg.
2252 3963 2446 4037 Georg.

1429 4039 1485 4093 Il
1500 4079 1515 4106 ,
1542 4038 1641 4107 463
1665 4056 1678 4091 :
1706 4043 1817 4092 Nec
1837 4045 2006 4092 varios
2022 4043 2225 4093 labeant
2231 4045 2450 4107 pulchra

1429 4120 1680 4168 testudine
1707 4123 1896 4184 postes.
1935 4116 2201 4171 schin-ach.
2242 4122 2365 4173 ebur
2394 4131 2454 4173 ct

1431 4197 1608 4248 tcstad.
1625 4192 1716 4246 h.l.
1728 4195 1890 4248 refert
1904 4194 1967 4247 ad
1987 4196 2454 4266 laquearia—Pos-

1432 4277 1663 4341 sederat,
1693 4272 1790 4328 sibi
1813 4272 2158 4334 habitandum
2181 4288 2456 4332 sumserat.
