3217 5134
503 544 642 614 DE
696 542 1043 613 OPERE
1102 542 2191 616 METAMORPHOSEON.
2336 551 2414 619 31

269 688 483 776 hene,
518 686 620 759 VI
641 741 662 775 ,
697 682 792 778 48
812 739 831 773 ,
866 682 1194 759 Arachnae
1227 684 1471 775 rubor,
1500 685 1791 761 vicissim
1830 714 2157 789 apparens
2189 706 2259 765 et
2286 719 2435 765 eva-

273 839 591 901 nescens,
630 839 782 885 cum
817 838 962 887 aere
998 809 1127 885 sub
1165 810 1445 887 Aurorae
1482 829 1705 901 ortum
1740 840 2104 914 purpureo.
2148 857 2228 871 —
2281 817 2382 890 lx
2408 872 2428 905 ,

282 964 454 1040 170,
494 933 808 1011 Herculis
839 962 1041 1033 cruor
1066 933 1306 1025 stn‘dit,
1336 963 1444 1011 ceu
1472 935 1705 1015 lomim
1730 936 1996 1013 candens
2015 938 2245 1013 Tincta
2269 939 2427 1015 lacu.

270 1066 551 1141 Temere
570 1119 590 1152 ,
623 1064 746 1151 IV,
786 1058 1062 1162 362-67
1083 1116 1102 1150 ,
1142 1059 1616 1138 similitudines
1652 1062 2013 1139 cumulavit
2044 1083 2112 1143 et
2144 1066 2287 1140 sine
2315 1065 2433 1141 de—

272 1190 450 1268 lectu
487 1190 743 1293 posuit.
797 1187 987 1265 Idem
1026 1187 1463 1288 judicandum
1495 1206 1600 1265 est
1650 1189 1733 1264 de
1764 1191 2070 1267 sententiis
2113 1192 2382 1267 incertis
2409 1249 2429 1282 ,

275 1344 560 1418 quarum
581 1312 723 1389 aliae
740 1311 1040 1415 placent,
1071 1312 1215 1388 aliae
1238 1314 1698 1416 improbandae
1726 1333 1906 1392 sunt.
1938 1319 2134 1406 Vere,
2148 1320 2240 1407 ΙΙ,
2263 1318 2429 1420 447,
2459 1389 2464 1394 .

272 1457 540 1528 monet,
577 1439 765 1526 Heu,
800 1466 984 1539 quam
1017 1437 1271 1542 difficile
1300 1454 1434 1527 est,
1472 1441 1700 1522 crimen
1743 1470 1867 1517 non
1898 1441 2164 1541 pmdeoe
2193 1443 2435 1517 vultu!

272 1568 447 1641 Vere
484 1562 715 1652 etiam,
749 1563 871 1652 IV,
911 1561 1054 1656 64.
1094 1562 1244 1665 Quo
1272 1565 1468 1666 mageis
1493 1566 1733 1666 tegitur,
1767 1580 1958 1641 tectus
1981 1567 2178 1667 mqqh
2208 1583 2434 1643 astuat

274 1695 469 1797 ignis,
501 1719 742 1793 nempe
762 1690 1031 1769 amoris.
1063 1690 1250 1794 Saepe
1271 1691 1486 1794 repeti
1512 1691 1853 1781 videmus,
1881 1709 1962 1769 ut
1984 1693 2431 1785 verissimum,

278 1848 359 1896 ex
410 1820 592 1906 VH,
640 1842 685 1891 2
698 1844 727 1891 1
783 1815 1055 1893 :Video
1108 1818 1361 1893 meb'om
1408 1818 1774 1920 pmboque3
1816 1818 2153 1894 Παιήονα
2196 1849 2428 1923 sequor.

286 1942 536 2019 Graecis
595 1942 837 2031 debet,
886 1971 1063 2045 quae,
1100 1944 1205 2019 III
1232 1999 1251 2033 ,
1308 1941 1487 2032 135,
1532 1943 1621 2018 ad
1664 1943 1992 2020 Cadmum
2037 1946 2382 2021 transtulit
2411 2007 2432 2037 ‚

282 2069 537 2146 scilicet
560 2125 579 2159 ,
618 2069 840 2144 ultim
887 2097 1125 2171 semper
1171 2068 1628 2171 Exspectanda
1681 2067 1812 2143 dies
1860 2068 2100 2143 homini
2118 2125 2140 2168 ‚
2204 2070 2439 2175 dicique

281 2198 493 2272 beatus
520 2196 704 2273 Ante
733 2195 963 2270 obitum
991 2223 1166 2271 nemo
1192 2193 1840 2296 supmmaquefianera
1863 2194 2058 2269 debet.

374 2320 876 2399 Anachmm'smi
900 2350 972 2397 se
997 2349 1171 2423 saepe
1195 2349 1387 2396 reum
1409 2318 1565 2394 fecit
1595 2350 1613 2395 ε
1644 2322 1708 2409 Ῑ,
1740 2319 1904 2411 218,
1931 2319 2226 2396 Arcades
2256 2349 2438 2396 com·-

284 2424 769 2536 memorantur,
821 2447 940 2550 qui
971 2448 1185 2523 serius
1223 2446 1309 2522 ab
1349 2445 1608 2521 Arcade
1643 2475 1890 2522 nomen
1933 2447 2249 2523 invenere
2279 2477 2297 2537 ;
2354 2450 2389 2522 1
2414 2504 2433 2536 ,

288 2568 449 2674 373,
478 2570 563 2647 de
586 2572 995 2653 ornamentis
1023 2571 1431 2674 templorum
1449 2569 1882 2649 Deucalionis
1900 2588 2088 2649 aetate
2115 2570 2438 2674 loquitur,

286 2715 362 2773 nt
378 2698 463 2774 de
483 2727 610 2774 suo
630 2716 949 2802 tempore.
973 2699 1203 2775 Serius
1218 2698 1417 2774 etiam
1450 2697 1872 2788 acciderunt,
1912 2726 2060 2800 quae
2089 2701 2227 2787 III,
2262 2698 2437 2801 559,

288 2823 369 2900 de
394 2826 653 2903 Acn'sab
680 2843 1027 2902 memorat.
1060 2828 1214 2901 Jam
1248 2822 1619 2900 Pandionis
1657 2842 1954 2925 tempore
1994 2824 2438 2911 Corinthum,

288 2953 383 3027 VI
408 3010 431 3043 ,
478 2950 622 3047 416
648 3009 669 3043 ,
720 2953 978 3028 nobilem
1021 2980 1143 3027 oere
1184 2970 1410 3041 vocat,
1452 2968 1652 3053 atque
1686 2980 1853 3027 vers.
1915 2950 2058 3046 423
2083 3007 2103 3040 ,
2148 2952 2438 3027 Athenis

286 3097 438 3155 ante
466 3077 726 3154 Thesea
758 3106 963 3153 muros
988 3077 1260 3167 tribuit;
1291 3077 1659 3180 eodemque
1692 3096 1992 3179 tempore
2022 3095 2091 3153 et
2121 3080 2433 3154 convivas

291 3204 745 3291 discumbentes,
784 3203 976 3291 VIII,
1011 3200 1175 3291 565,
1204 3204 1364 3293 XII,
1409 3201 1564 3293 155,
1596 3202 1811 3301 fingit.
1842 3200 2188 3277 Interdum
2217 3220 2436 3279 tamen

295 3328 681 3428 diligentius
699 3329 968 3419 scribit,
992 3345 1104 3419 ut,
1130 3329 1235 3419 Π,
1270 3352 1445 3429 219,
1473 3327 1742 3402 nondum
1775 3327 2100 3429 OEagn'us
2132 3328 2442 3411 Hoemus;

294 3454 427 3545 Vl,
464 3453 641 3548 415,
670 3453 972 3531 Nondum
1003 3470 1192 3530 torva
1228 3453 1510 3563 Calydon
1537 3454 1730 3529 invisa
1750 3454 2027 3542 Dianoe;
2055 3481 2222 3527 vers.
2256 3452 2399 3546 418
2420 3509 2437 3537 ‚

296 3579 520 3682 Neque
550 3579 755 3654 adhuc
779 3576 1057 3655 Pittheia
1086 3580 1157 3655 T
1155 3608 1375 3657 roezen.
1426 3578 1923 3682 Mythologiam
1958 3598 2026 3654 et
2053 3608 2274 3654 rerum
2319 3608 2444 3653 na-

297 3718 514 3781 turam
544 3735 1029 3809 nonnunquam
1055 3706 1426 3782 confundit.
1450 3706 1739 3782 Triones
1758 3763 1778 3796 ,
1812 3705 2233 3781 Phaethonte
2262 3705 2444 3780 Solis

300 3856 570 3905 currum
602 3849 873 3929 agente,
907 3849 1200 3921 tentant,
1235 3832 1334 3919 II,
1383 3855 1548 3933 172,
1569 3831 1761 3906 vetito
1788 3859 2030 3934 oequore
2053 3831 2304 3926 tingui,
2338 3847 2441 3917 et,

299 3978 466 4028 vers.
509 3953 690 4047 530,
722 3955 991 4031 demum
1022 3958 1207 4031 Juno
1240 3957 1374 4031 hoc
1406 3957 1794 4059 impetrasse
1827 3955 2110 4053 legitur,
2152 3972 2232 4029 ut
2262 3973 2446 4031 veta-

312 4098 549 4156 rentur
580 4081 822 4178 tingui.
880 4083 1074 4157 Vera.
1113 4079 1289 4172 253,
1325 4082 1514 4185 cycni
1548 4081 1883 4158 calescunt
1914 4081 1986 4155 in
2025 4082 2341 4182 Caystro,
2379 4099 2447 4157 et

300 4207 503 4309 paulo
530 4208 774 4299 serius,
811 4236 978 4284 vers.
1003 4205 1168 4308 377,
1204 4208 1470 4310 Cycnus
1500 4239 1615 4285 rex
1642 4209 1721 4284 fit
1750 4237 1908 4284 nova
1931 4209 2070 4284 avis
2089 4208 2298 4310 hujus
2317 4240 2447 4285 no·-

302 4333 522 4411 minis.
564 4335 801 4411 Peccat
829 4333 1120 4409 Ovidius
1146 4332 1481 4411 interdum
1514 4352 1582 4410 et
1613 4334 1688 4409 in
1716 4333 2047 4436 physicis,
2092 4353 2172 4409 ut
2199 4365 2442 4437 quum,
