3217 5134
779 548 864 613 30
1230 519 1239 525 ’
1549 544 2139 613 PRAEFATIO

773 688 943 777 lion,
979 688 1045 777 Ι,
1084 685 1359 760 351-62
1380 742 1399 776 ,
1435 705 1502 762 et
1526 685 1741 763 multo
1763 685 2000 762 melius
2025 683 2362 787 Cephalus
2383 741 2402 772 ‚
2433 686 2598 775 VII,
2635 684 2779 786 690
2804 686 2918 761 fin.

774 943 872 1016 vl
894 999 914 1030 ‚
951 942 1093 1036 455
1124 972 1270 1046 sqq.
1295 999 1314 1032 ,
1350 943 1590 1018 summi
1613 940 1858 1017 furoris
1884 941 2178 1028 Procne,
2224 966 2390 1013 vers.
2422 936 2567 1012 610
2596 965 2746 1042 sqq.
2781 940 2922 1014 Sed

773 1065 841 1140 in
873 1065 1107 1167 primis
1132 1065 1479 1143 memorari
1512 1083 1849 1142 merentur
1886 1063 2031 1140 loca
2052 1121 2071 1153 ,
2116 1064 2186 1139 in
2218 1063 2466 1166 quibus
2503 1040 2922 1165 perturbatio

773 1190 1015 1265 mentis
1048 1219 1199 1265 cum
1230 1188 1355 1265 alia
1401 1190 1905 1291 perturbatione
1951 1207 2068 1264 aut
2106 1217 2259 1263 cum
2302 1216 2461 1263 sana
2489 1187 2759 1261 'ratione
2806 1186 2921 1260 diu

770 1333 1066 1417 pugnat,
1098 1333 1176 1390 ut
1197 1314 1268 1389 in
1296 1315 1515 1389 auimo
1536 1314 1791 1391 Medeae
1812 1371 1832 1403 ,
1865 1317 1997 1390 vn
2018 1372 2037 1402 ‚
2076 1341 2163 1388 10
2187 1342 2334 1416 sqq.
2357 1368 2377 1402 ‚
2411 1309 2673 1414 Scyllae,
2709 1314 2877 1386 Vm
2898 1370 2919 1401 ‚

775 1438 1026 1531 44-80,
1048 1436 1344 1525 Almam,
1374 1436 1601 1531 462-5
1616 1464 1642 1510 1
1666 1466 1723 1527 1,
1745 1437 2079 1539 Byblidis‚
2099 1441 2229 1527 lx,
2253 1434 2394 1538 473
2414 1464 2587 1538 sqq„
2604 1436 2920 1537 Myrrhae,

772 1567 838 1637 X
863 1619 884 1654 ‚
941 1561 1084 1639 320
1108 1578 1265 1665 sqq.
1304 1564 1463 1639 Haec
1496 1563 1655 1639 satis
1684 1564 2015 1666 probant,
2069 1563 2397 1662 egregiam
2440 1562 2684 1638 Ovidio
2718 1561 2923 1638 fuisse

769 1688 969 1764 animi
1021 1689 1294 1765 humani
1339 1689 1698 1767 scientiam.
1758 1691 2002 1766 Parum
2060 1708 2290 1766 contra
2313 1747 2333 1778 ‚
2386 1693 2454 1764 II
2479 1745 2499 1776 ‚
2559 1687 2875 1784 381-400
2896 1746 2917 1779 ‚

768 1819 1068 1894 Phoehus
1097 1816 1316 1921 placet
1337 1875 1357 1909 ‚
1416 1816 1532 1920 qui
1561 1816 1632 1892 in
1666 1818 1852 1894 luctu
1894 1836 1962 1892 et
2001 1818 2101 1893 ira
2144 1816 2388 1893 stultos
2428 1817 2731 1892 homines
2771 1817 2925 1891 imi-

768 1962 964 2021 tatur.
1014 1946 1345 2021 Perversis
1389 1945 1803 2022 acuminibus
1834 1963 2180 2047 corruptas
2210 1973 2354 2020 esse
2384 1944 2740 2021 nonnullas
2779 1946 2921 2047 ejus

769 2068 1026 2164 generis
1053 2069 1465 2157 notationes,
1510 2087 1628 2157 ut,
1663 2070 1809 2159 111,
1856 2068 2214 2170 463-692,
2261 2069 2395 2169 jam
2427 2096 2626 2171 supra
2669 2087 2771 2145 est
2799 2070 2921 2145 ad-

765 2194 1113 2269 monitum.
1885 2202 1895 2212 '

865 2325 1306 2401 &inffi'tudzhes
1326 2386 1344 2412 ,
1405 2325 1652 2428 quibus
1681 2353 1790 2400 res
1822 2324 2031 2399 varias
2064 2321 2168 2398 vel
2201 2321 2534 2401 illustrare
2574 2322 2786 2398 voluit
2817 2323 2919 2398 vel

768 2477 1123 2541 exornare,
1178 2450 1402 2526 multae
1444 2470 1602 2526 sunt
1630 2449 2032 2552 probandae,
2084 2474 2207 2522 nec
2248 2447 2514 2544 ingenio
2544 2476 2784 2545 magno
2815 2448 2923 2522 in-

768 2573 1000 2670 dignae.
1019 2575 1108 2630 '—
1138 2576 1242 2649 111
1262 2631 1281 2663 ,
1314 2602 1342 2647 1
1365 2601 1393 2647 1
1414 2601 1442 2646 1
1475 2601 1491 2644 :
1515 2574 1626 2648 Sic
1643 2575 1753 2649 ubi
1763 2574 2063 2653 tolluntur
2055 2572 2242 2676 fistis
2258 2575 2466 2649 aulaea
2480 2552 2765 2662 theatris,
2794 2593 2914 2651 etc.

764 2697 955 2771 VerS.
997 2695 1182 2771 568:
1216 2696 1326 2771 Sic
1345 2725 1455 2799 ego
1477 2712 1798 2772 torrentem
1818 2756 1836 2782 ‚
1878 2716 1999 2772 etc.
2035 2697 2282 2799 quibus
2313 2695 2685 2773 illustratur
2715 2699 2915 2772 vehe-

762 2822 1006 2897 mentia
1026 2823 1140 2896 irae
1161 2820 1481 2897 inhibitae.
1514 2865 1591 2878 —
1617 2823 1717 2896 lv
1736 2879 1755 2910 ‚
1780 2820 1953 2917 354,
1976 2821 2580 2925 Hermaphroditus
2600 2822 2824 2897 nudus
2847 2821 2920 2897 in

764 2972 935 3047 aqua
956 3001 975 3033 ,
1032 2945 1392 3020 translucet
1409 3002 1428 3035 ‚
1464 2961 1533 3020 ut
1570 2946 1836 3020 chumea
1867 2947 2082 3049 siquis
2122 2945 2320 3047 S1grna
2346 2960 2511 3047 tegat
2542 2944 2711 3019 claro
2734 3005 2753 3032 ,
2814 2947 2929 3020 vel

763 3069 1031 3143 candida
1062 3070 1201 3143 lilia
1220 3129 1242 3157 ,
1293 3071 1475 3146 vitm.
1506 3069 1821 3146 Daedalus
1853 3068 2233 3144 antevolans
2275 3086 2433 3143 nato
2470 3068 2660 3142 timet
2679 3125 2698 3156 ‚
2744 3071 2923 3145 velut

761 3196 920 3282 ales,
955 3195 1036 3269 ab
1055 3196 1189 3269 altu
1218 3195 1388 3296 Quoe
1406 3212 1672 3271 teneram
1696 3196 1935 3297 prolem
1960 3194 2269 3297 produxit
2290 3194 2354 3268 in
2383 3222 2529 3268 aera
2552 3194 2717 3268 nido.
2748 3196 2922 3269 Sua-

762 3319 1028 3395 vissima
1055 3337 1156 3393 est
1174 3374 1193 3408 ,
1222 3322 1288 3392 X
1307 3376 1327 3411 ,
1370 3345 1502 3420 190
1523 3377 1542 3409 ‚
1568 3348 1766 3421 quam
1791 3337 2009 3393 tamen
2031 3317 2319 3415 Virgilio
2344 3318 2562 3392 debet.
2592 3318 2701 3391 Ibi
2729 3320 2918 3419 Hya-

760 3445 1028 3520 cinthus
1054 3444 1226 3545 jacet
1249 3502 1268 3534 ‚
1331 3443 1430 3520 Ut
1457 3446 1520 3518 si
1551 3446 1686 3546 quis
1716 3445 1953 3530 violas,
2007 3444 2247 3545 niguove
2267 3472 2548 3547 papaver
2586 3445 2648 3518 in
2694 3442 2870 3518 horto
2888 3504 2908 3531 ,

759 3568 1045 3670 Lih'aque
1087 3568 1411 3669 infringat,
1453 3585 1575 3642 etc.
1618 3565 2019 3642 Laudandus
2054 3584 2121 3640 et
2165 3564 2352 3642 locus
2374 3625 2393 3657 ‚
2431 3563 2913 3656 xl‚-508-36,

762 3720 895 3792 quo
941 3693 1127 3767 navis
1175 3692 1491 3768 fluctibus
1531 3693 1770 3793 jactata
1817 3720 1968 3765 cum
2008 3691 2174 3766 urbe
2215 3708 2602 3794 oppugnata
2643 3718 2918 3790 compa-

757 3833 962 3890 ratur.
1018 3817 1150 3891 Sed
1181 3845 1353 3919 saepe
1390 3817 1462 3891 in
1499 3818 1630 3891 hoc
1666 3844 1901 3915 genere
1949 3834 2487 3895 ornamentorum
2519 3813 2915 3890 inveniendo

758 3959 825 4015 et
848 3941 1225 4018 adhibendo
1245 3942 1376 4018 suit
1393 3941 1641 4017 infelix.
1673 3946 1984 4044 Ineptum
2007 3960 2108 4016 est
2129 3939 2298 4015 illud
2312 3997 2332 4029 ,
2355 3942 2457 4014 ΠΙ
2472 3996 2492 4029 ,
2518 3941 2612 4033 44
2639 3967 2655 4009 :
2680 3939 2914 4014 Cadmi

755 4096 1025 4169 serpens
1052 4088 1235 4144 tanto
1264 4088 1365 4146 est
1385 4096 1666 4172 corpore
1684 4126 1703 4158 ‚
1731 4085 1990 4170 quanto,
2025 4069 2108 4143 Si
2123 4085 2315 4143 totum
2337 4081 2602 4168 spectes,
2633 4066 2916 4167 geminas

755 4195 865 4295 qui
875 4211 1123 4295 separat
1138 4198 1393 4270 Arctos,
1423 4195 1605 4270 Male
1620 4251 1639 4283 ‚
1664 4196 1733 4267 II
1749 4251 1768 4283 ,
1794 4193 1957 4284 825,
1982 4194 2262 4295 mutatio
2277 4191 2573 4268 mulieris
2592 4193 2659 4266 in
2682 4223 2911 4269 saxum

757 4348 904 4393 cum
946 4348 1194 4405 cancro,
1250 4322 1519 4420 corporis
1554 4320 1719 4395 malo
1751 4320 1874 4394 lule
1902 4336 2172 4421 sememc
2193 4379 2215 4406 ,
2277 4337 2738 4422 comparatum
2786 4346 2906 4394 nec
