3217 5134
614 532 1653 605 METAMORPHOSEON
1711 535 1904 618 LIR.
1961 534 2148 602 vll.
2317 532 2437 618 541

318 676 606 749 Dextera
642 672 835 749 caedis
871 689 1013 747 erat
1041 702 1058 760 3
1093 671 1474 773 repetebam
1495 670 1710 767 frigus
1743 688 1810 744 et
1842 672 2113 746 umbras
2138 728 2158 761 ‚

317 792 446 879 Et,
486 818 633 891 quae
667 788 749 863 de
784 787 1020 885 gelidis
1048 786 1319 864 balabat
1346 786 1664 874 vallibu3‚
1698 815 1941 861 auram.

315 910 505 982 Aura
535 906 889 1009 petebatur
921 904 1143 979 medio
1172 904 1339 981 mihi
1372 904 1539 980 lenis
1575 904 1645 977 in
1667 922 1840 979 ‘aestu
1872 934 1889 991 ;

316 1028 568 1104 Auram
602 1022 1062 1124 exspectabam
1094 1050 1111 1094 ε
1140 1020 1404 1122 requies
1439 1038 1577 1094 erat
1609 1017 1725 1093 illa
1756 1017 1991 1095 labori.

323 1173 359 1204 α
396 1140 584 1213 Aura
603 1194 623 1225 ‚
656 1136 972 1211 recordor
999 1135 1208 1223 enim,
1238 1135 1461 1212 venias
1479 1192 1498 1225 ,
1535 1153 1800 1212 cantare
1830 1134 2127 1210 solebam
2157 1165 2173 1209 ε

322 1292 360 1325 »
399 1260 650 1358 Meque
681 1255 868 1355 juves
889 1309 910 1342 ‚
938 1254 1281 1354 intresque
1314 1253 1501 1328 sinus
1521 1309 1541 1340 ‚
1581 1251 1989 1350 gratissima,
2022 1270 2337 1329 nostros:

326 1407 361 1438 »
401 1375 632 1472 thue
651 1368 852 1456 facis,
887 1365 1172 1442 relevare
1197 1365 1398 1456 velis,
1436 1366 1690 1469 quibus
1707 1362 1997 1454 urimur,
2025 1383 2243 1441 aestus.
2279 1401 2315 1435 »
2360 1392 2462 1446 815

314 1486 628 1563 Forsitan
656 1483 1017 1561 addiderim
1036 1540 1056 1571 ‚
1094 1484 1190 1557 sic
1216 1512 1321 1558 me
1352 1511 1496 1558 mea
1528 1481 1665 1556 flata
1699 1481 2083 1568 trahebant,

315 1603 691 1681 Blanditias
720 1598 947 1704 plures
975 1632 990 1675 z
1020 1618 1123 1689 et,
1159 1633 1193 1666 «
1224 1602 1333 1675 Tu
1366 1599 1531 1673 mibi
1559 1627 1800 1695 magna
1830 1597 2176 1701 voluptas,

326 1757 362 1788 n
398 1722 638 1796 Dicere
669 1718 794 1794 sim
826 1715 1070 1791 solitus
1098 1747 1113 1791 τ
1152 1733 1225 1789 tu
1258 1745 1362 1791 me
1397 1715 1744 1817 reficisque
1768 1773 1786 1804 ‚
1821 1715 2136 1819 fovesque
2165 1748 2181 1792 ε

327 1873 364 1905 »
402 1839 515 1912 Tu
550 1835 750 1923 facis»,
789 1852 869 1908 ut
898 1831 1133 1922 silvas,
1167 1849 1246 1907 ut
1275 1861 1485 1908 amem
1520 1830 1670 1906 loca
1703 1832 1887 1920 sola3
1923 1861 2205 1934 meoque

330 1988 366 2020 »
408 1937 703 2054 Spiritus
729 1950 853 2023 iste
890 1967 1047 2022 tuus
1080 1976 1339 2049 semper
1371 1965 1676 2050 captatur
1706 1948 1790 2023 ab
1825 1976 1959 2023 ore.
2000 1984 2035 2014 υ

327 2067 635 2142 Vocibus
664 2064 1002 2159 ambiguis
1038 2063 1378 2165 deceptam
1409 2065 1701 2168 praebuit
1733 2093 1956 2140 aurem

330 2180 575 2259 Nescio
611 2180 762 2281 quis
790 2209 808 2267 ;
843 2206 1214 2280 nomenque
1246 2180 1444 2253 Aurae
1480 2197 1613 2253 tam
1647 2206 1821 2280 saepe
1845 2196 2154 2254 vocatum

334 2303 503 2374 Esse
534 2314 778 2399 putans
811 2294 1136 2397 Nymphae
1157 2350 1176 2384 ,
1211 2294 1588 2397 Nympham
1627 2294 1792 2368 mibi
1826 2295 2036 2370 credit
2063 2297 2283 2370 amari.

341 2412 659 2490 Criminis
691 2408 1023 2512 extemplo
1052 2409 1192 2484 ficti
1228 2409 1609 2485 temerarius
1641 2429 1874 2485 auctor

336 2528 614 2604 Procrin
651 2526 826 2615 adit,
865 2524 1225 2629 linguaque
1256 2526 1459 2601 refert
1491 2525 1716 2601 audita
1747 2555 2034 2602 susurra.

341 2642 629 2720 Credula
657 2671 763 2718 res
796 2671 984 2719 amor
1011 2658 1156 2717 est:
1187 2641 1416 2718 subito
1450 2641 1745 2745 collapsa
1775 2641 2011 2720 dolore

2357 812 2454 864 810

2363 1975 2467 2026 820

2371 2551 2471 2606 825

337 2857 434 2906 lat.
457 2849 635 2921 Vulgo
653 2889 670 2917 ,
700 2854 908 2916 σίδας
944 2870 1007 2904 ex
1029 2851 1359 2920 interpreta-

339 2933 500 2985 tione.
517 2955 585 2970 --
601 2927 753 2997 Regii
776 2927 942 2981 nostri
958 2967 974 2993 ,
994 2931 1218 2991 exhalat,
1245 2928 1360 2982 sine

340 3008 650 3064 confusione
683 3018 987 3077 temporum
1016 3026 1030 3060 ι
1060 3026 1186 3060 nam
1213 3027 1361 3079 pre-

342 3106 463 3141 sens
483 3085 584 3140 boc
609 3085 721 3139 loco
741 3086 990 3139 convenit
1005 3085 1207 3139 melius.
1227 3087 1328 3139 Ed.

409 3165 526 3220 813.
564 3164 743 3226 Am,
781 3166 1025 3227 recordor,
1051 3174 1149 3217 etc.
1175 3164 1238 3217 ln
1266 3162 1363 3218 bac

345 3242 607 3298 cantilena
618 3240 819 3312 singula
831 3242 940 3295 sere
950 3240 1109 3295 verba
1121 3251 1247 3295 sunt
1261 3258 1365 3294 am·

346 3319 532 3391 higna,
561 3329 880 3390 possuntque
904 3329 958 3373 et
982 3318 1047 3373 de
1072 3338 1198 3372 sura
1221 3328 1274 3373 et
1298 3318 1364 3372 de

350 3397 520 3469 puella
551 3397 681 3467 capi.
711 3395 948 3468 Doering.
982 3397 1039 3451 in
1078 3396 1187 3450 Eel.
1219 3397 1366 3452 vett.

350 3486 491 3545 poet.
514 3473 581 3529 ad
601 3472 858 3530 Ovidium
873 3513 889 3541 ,
915 3475 1032 3528 Art.
1056 3475 1232 3528 Amat.
1249 3475 1332 3529 111
1349 3514 1365 3543 ‚

353 3564 523 3624 putat,
537 3562 662 3631 Αὔρα
673 3554 1080 3625 pronunciatum
1095 3574 1205 3610 esse
1219 3547 1366 3632 Αἴθρα,

355 3649 463 3701 quo
497 3633 717 3686 nomine
749 3631 1041 3686 concubina
1080 3643 1260 3687 notata
1287 3635 1370 3687 sit.

1519 2851 1633 2922 819.
1648 2852 1770 2903 Sola
1782 2889 1796 2913 ‚
1822 2848 2043 2904 deserta.
2054 2878 2122 2891 —-
2132 2853 2367 2920 Spiritum
2381 2867 2472 2908 aut

1452 2929 1728 2982 anhelitum
1743 2927 1954 2982 alterius
1968 2939 2177 2998 captant
2196 2932 2355 2985 etiam
2367 2934 2474 2986 col—

1452 3005 1748 3075 loquentes,
1771 3006 1873 3074 IV,
1896 3010 2334 3077 72.·-Decep!am,·
2349 3011 2475 3067 sixti

1459 3082 1645 3137 Codex
1669 3089 1913 3139 mcc-dam
1928 3127 1942 3148 ,
1981 3086 2122 3155 quod
2146 3086 2293 3141 dedit
2315 3089 2472 3144 etiam

1459 3162 1816 3216 Burmannus.
1828 3190 1896 3206 —··
1905 3167 2088 3219 Nescio
2101 3171 2229 3234 quis.
2258 3165 2475 3221 Secun—

1461 3240 1591 3294 dum
1627 3238 1989 3315 Pherecydem
2023 3243 2124 3298 suit
2159 3263 2339 3298 servus
2365 3283 2381 3312 ,
2413 3266 2476 3299 ex

1462 3336 1569 3387 quo
1596 3319 1662 3371 de
1687 3320 1879 3373 marito
1903 3320 2111 3376 Procris
2142 3323 2390 3391 quesivit.
2412 3353 2478 3364 —

1463 3398 1827 3465 Esseputans5
1853 3398 2018 3452 nostri
2044 3399 2231 3469 Regii,
2255 3419 2369 3454 esse
2377 3421 2477 3471 pn-

1461 3483 1567 3537 !at,
1601 3494 1751 3546 eque
1774 3477 1927 3530 bene.

1528 3556 1641 3621 824.
1659 3557 1865 3619 Auctor,
1885 3554 2136 3621 nuncius,
2152 3566 2213 3609 ut
2229 3554 2339 3622 xl,
2361 3557 2476 3611 665.

1468 3632 1794 3702 Quanquam
1807 3632 1907 3687 boc
1919 3652 2118 3687 nomen
2131 3633 2231 3689 boc
2245 3635 2360 3690 loco
2369 3654 2478 3689 non

357 3707 518 3779 Apud
549 3708 917 3783 Pherecydem
959 3709 1224 3780 Cephalus
1259 3729 1368 3765 non

356 3788 536 3842 minus
556 3789 797 3858 ambigue
824 3790 861 3844 ὅ
883 3793 1060 3862 Νιςέλα
1078 3830 1094 3857 ,
1125 3795 1372 3865 παραγίνου

356 3868 667 3924 clamitabat.
716 3870 780 3924 ln
818 3870 984 3924 altero
1018 3871 1164 3926 Artis
1194 3873 1371 3926 Amat.

357 3946 474 4002 loco
491 3987 507 4013 ,
551 3949 754 4017 Quoque
783 3967 920 4002 neos
945 3954 1126 4004 releves
1144 3957 1311 4004 estus.
1330 3990 1341 4002 .
1357 3986 1371 4002 .

359 4024 680 4091 Accipienda
693 4028 826 4086 seire,
842 4028 1042 4079 mobilis
1052 4027 1216 4086 Aum,
1242 4032 1373 4081 veni.

356 4103 676 4169 —Intoesque
689 4106 1162 4170 sinus-potissim&
1182 4104 1272 4172 qui
1288 4122 1375 4159 es-

1464 3710 1565 3764 nisi
1584 3730 1723 3765 unus
1738 3710 2109 3766 Gronovianus
2126 3711 2285 3768 habet
2298 3753 2312 3777 ‚
2336 3714 2481 3768 unde

1466 3789 1663 3859 accepit
1677 3790 2033 3844 Burmannus.
2050 3789 2243 3845 Ceteri
2260 3790 2353 3862 (et
2370 3792 2482 3846 Re-

1467 3869 1537 3938 gii
1560 3887 1770 3939 quoque
1796 3870 2043 3938 Nostri),
2067 3874 2245 3936 thales,
2280 3883 2341 3927 ut
2365 3874 2479 3927 Art.

1471 3950 1647 4004 Amat.
1675 3970 1806 4023 7¹9²
1840 3951 2000 4005 etiam
2023 3972 2146 4006 mox
2168 3973 2322 4007 versu
2351 3955 2448 4008 833
2466 3995 2481 4018 ‚

1466 4031 1721 4083 &die-im.
1736 4030 2030 4082 —Susurm
2054 4029 2138 4083 alii
2165 4031 2484 4085 substantive

1467 4105 1680 4174 capiunt
1696 4125 1792 4176 pro
1803 4125 2049 4170 susat-ms,
2074 4107 2159 4161 alii
2175 4127 2298 4161 cum
2311 4112 2486 4180 lingua

359 4189 512 4234 tuant
532 4219 548 4248 ,
578 4190 757 4250 pectus
784 4178 1052 4250 captanda
1082 4200 1223 4236 aure
1250 4201 1377 4252 ape-
1470 4183 1821 4254 conjungunt.

357 4257 538 4322 riunt;
568 4257 638 4311 ibi
664 4257 810 4311 enim
828 4259 1159 4330 potissimum
1181 4259 1376 4315 calores

363 4339 676 4393 sentiuntur.
700 4340 799 4395 Ed.

1538 4262 1653 4316 826·
1677 4263 1893 4317 Credula
1906 4282 1989 4316 nes
1997 4283 2141 4320 anot
2155 4272 2262 4330 θείς
2283 4265 2356 4320 sic
2369 4265 2485 4320 Art.

1466 4340 1653 4396 Amat.
1668 4341 1769 4409 111,
1796 4361 1889 4412 7²0
1901 4361 1915 4396 t
1936 4344 2072 4408 Quia
2081 4363 2263 4400 amans
2274 4363 2482 4412 semper,
